4067 6209
448 747 496 820 34
518 762 591 813 XXI·
605 776 640 813 D!
653 776 799 814 RPIM'OLIS
813 778 848 813 ΒΕ
861 777 1103 815 ΡΡΕΠΙΠΚΟΒΝΙΟ.
1130 764 1218 814 XXH
1232 780 1355 817 EV'PTEM
1368 780 1405 816 An
1417 782 1486 817 RD!
1500 781 1581 817 sulii
1595 782 1637 817 BP.
1645 783 1671 816 D.
1680 774 1742 816 1515.

447 940 546 996 babuit
569 938 647 1011 quad
666 939 827 1009 populares
844 952 913 993 suos
934 939 1106 1010 decepisset,
1132 940 1191 995 nisi
1211 947 1239 995 el
1265 934 1453 997 Obmstianos'
1467 940 1577 1013 sruueie
1599 941 1742 1012 fallaciis·

448 1040 503 1098 que
517 1024 690 1080 conueniret.
720 1024 785 1078 Etsi
798 1037 866 1079 uero
887 1040 943 1078 non
964 1031 1092 1079 meretur
1112 1026 1165 1080 iste
1179 1024 1344 1093 homuncio,
1365 1034 1398 1082 nt
1409 1028 1558 1097 prolixam
1573 1028 1609 1081 eie
1623 1043 1657 1083 eo
1673 1046 1742 1083 nar-

448 1111 588 1166 rationem
607 1110 802 1175 instituamus,
828 1123 893 1163 cum
914 1109 986 1164 nibil
1004 1110 1090 1164 ianae
1109 1111 1320 1188 sea-vituperio
1339 1113 1435 1181 potins
1454 1114 1585 1184 omnum.
1610 1116 1742 1184 pesserit

447 1202 559 1260 tamen,
585 1194 654 1265 quia
672 1194 744 1248 socii
762 1194 846 1248 ctiam
861 1195 952 1266 ipsius
966 1196 1101 1266 capnosci
1118 1197 1324 1265 quodammodo
1340 1203 1464 1267 possunt
1483 1213 1522 1252 ex
1536 1199 1626 1266 socio,
1643 1215 1742 1270 putica

447 1281 578 1354 quadam
606 1293 734 1333 narrare
760 1279 873 1334 animus
892 1286 935 1334 est
954 1280 989 1333 de
1007 1280 1114 1335 celebri
1132 1281 1293 1350 impostore.
1330 1279 1510 1337 Commodum
1530 1284 1604 1337 enim
1626 1285 1740 1350 accinit,
1764 1282 1778 1322 ⁶

448 1373 480 1423 ut
506 1366 639 1437 quadam
672 1362 762 1419 Vtrici
785 1362 909 1419 Hntteni
942 1365 1069 1435 epistotae
1093 1365 1129 1419 ete
1152 1364 1372 1437 Pfefferleornio
1399 1369 1438 1422 od
1467 1368 1627 1438 Adolpbnm
1649 1368 1743 1423 Robo-

429 1467 530 1507 vreum
551 1449 743 1505 Coloniensem
764 1456 792 1503 et
811 1447 1012 1521 Eptelnolsum
1034 1450 1069 1504 ele
1091 1449 1214 1520 Lepide,
1242 1468 1301 1505 una
1326 1468 1390 1507 eum
1411 1453 1553 1523 capitibus
1581 1455 1743 1518 criminum,

448 1552 570 1609 quorum
585 1534 730 1590 conuictus
742 1532 815 1603 snit,
840 1540 867 1589 et
882 1535 1092 1589 exclamatione
1106 1536 1231 1590 eiusdem
1247 1535 1370 1591 Hntteni
1382 1538 1412 1591 in
1426 1538 1676 1610 populosissimam
1693 1537 1744 1593 In·

370 1678 380 1702 ,
449 1623 506 1678 aui
525 1622 625 1687 uitam,
647 1620 686 1674 ad
704 1633 807 1674 manus
826 1633 905 1674 meas
925 1633 965 1674 ea
980 1620 1071 1675 Nicol.
1094 1619 1217 1675 Gerbelii
1231 1621 1408 1677 Bibliotheca
1424 1624 1567 1682 venerint;
1588 1625 1664 1679 unae
1679 1638 1744 1694 quoe

448 1707 505 1763 buc
518 1711 652 1777 spectare
667 1704 837 1761 uidebuntur
850 1706 988 1759 desumsi:
1009 1704 1098 1775 thue
1113 1705 1276 1761 breuissime
1290 1708 1401 1762 sceiere
1417 1714 1541 1774 tontum,
1561 1709 1594 1763 ob
1618 1725 1683 1779 qnoe
1698 1711 1742 1763 in·
1751 1716 1780 1756 ⁴⁰

446 1792 537 1865 samis
556 1799 584 1845 et
598 1791 631 1844 A.
653 1804 745 1860 supra
766 1791 942 1844 millesimum
963 1790 1216 1868 quinqentesimum
1236 1793 1344 1847 decimo
1366 1794 1464 1863 quinto
1488 1792 1573 1846 Helie
1593 1792 1744 1848 Senonum

449 1876 590 1947 supplicio
610 1875 735 1946 affectus
752 1873 810 1946 fuit
824 1873 1069 1945 Pfefferlsornius.
1094 1918 1100 1929 .
1126 1919 1131 1929 .
1157 1918 1162 1929 .
1186 1875 1266 1931 litem
1283 1876 1429 1933 Huttenus
1448 1879 1478 1932 in
1498 1878 1589 1932 literis
1605 1879 1645 1933 ad
1659 1878 1745 1933 Aetol-

448 1962 537 2033 pbum
558 1959 720 2015 Robareum
739 1960 882 2032 sionifieat
903 1961 989 2015 alium
1011 1959 1088 2014 bunc
1106 1959 1200 2032 fuisse
1215 1961 1452 2033 Pepericorninm
1473 1963 1508 2017 ab
1529 1976 1576 2029 eo,
1601 1965 1651 2034 qui
1666 1961 1745 2018 Calo·
1793 1975 1798 1986 ’
1834 2009 1837 2013 .

451 2049 506 2102 nice
527 2051 641 2118 operct,
663 2061 699 2101 ac
709 2045 902 2115 paucissimos
915 2046 1031 2100 sciuisse
1046 2046 1118 2099 duos
1132 2047 1261 2101 extitisse
1276 2047 1489 2118 Pepericornos
1504 2046 1744 2113 luctans-tinctos,

450 2134 540 2203 obque
560 2145 623 2185 eam
643 2144 704 2184 rem
725 2131 906 2207 existimasse
926 2128 1157 2202 Cupniomastipn
1182 2133 1322 2202 supplicio
1343 2148 1405 2188 esse
1424 2134 1570 2205 affectum.
1617 2132 1700 2199 Quod
1719 2133 1780 2187 sitb

450 2232 550 2274 uerum
564 2222 607 2270 est
622 2212 707 2284 (nibil
720 2216 794 2270 enim
810 2216 902 2270 audeo
917 2216 1047 2285 definire,
1062 2230 1127 2270 eum
1142 2216 1200 2270 ulio
1215 2232 1259 2271 me
1273 2218 1429 2273 destituant
1442 2219 1549 2273 indicia
1564 2220 1636 2272 satis
1650 2219 1745 2289 certo)

450 2302 605 2358 doctissimi
618 2301 723 2371 quique
738 2301 794 2355 uiri
807 2301 835 2354 in
849 2301 934 2372 praui
946 2314 1048 2355 errore
1064 2302 1172 2356 uersati
1189 2302 1329 2358 haetenus
1346 2301 1479 2373 fuerunt.
1525 2302 1645 2358 Interim
1659 2300 1745 2373 Pses-

449 2384 621 2458 serlsornius
636 2384 853 2456 Gapniomastikc
868 2385 955 2440 nibilo
968 2384 1035 2457 sere
1050 2386 1149 2441 melior
1163 2387 1223 2443 ciue
1237 2402 1290 2442 suo
1303 2384 1370 2457 suit,
1386 2390 1520 2459 quonium
1536 2393 1646 2443 tuntum
1661 2385 1748 2458 rtefos

450 2478 553 2527 contra
572 2471 831 2526 innocentissimum
853 2469 1042 2525 lleucltliuum
1064 2485 1154 2526 ausus
1171 2469 1239 2542 fuit.
1284 2471 1384 2543 Neque
1405 2474 1496 2544 meeis
1519 2473 1683 2528 excusandi
1706 2472 1749 2526 illi

450 2561 532 2622 sunt,
559 2556 610 2626 qui
633 2557 782 2625 suppetias
801 2555 909 2626 Apella
929 2556 1065 2621 tulerunt,
1082 2556 1263 2627 eiusdemque
1283 2559 1401 2613 sceleris
1416 2558 1578 2628 participes
1596 2572 1660 2612 sese
1681 2557 1782 2611 reci-no

451 2641 565 2704 bidem,-
580 2641 657 2711 quad
672 2638 851 2696 bolonienses
868 2639 1024 2712 Tbeolopos
1036 2639 1143 2711 fecisse
1157 2648 1269 2697 constat
1292 2684 1298 2696 .
1325 2685 1330 2696 .
1356 2685 1362 2697 .
1387 2686 1393 2698 .

520 2908 532 2955 ?
1039 2889 1166 2964 XXII·
1489 2906 1621 2974 [menum
1634 2923 1660 2958 n.
1676 2906 1747 2973 ists]

872 3080 916 3121 en
935 3078 1156 3123 enentssxuvn
1179 3080 1324 3130 nomnen
1423 3107 1430 3120 .

791 3164 1033 3222 nYTnLvoanu
1062 3166 1103 3222 DE
1131 3166 1248 3222 LAPIDE
1277 3165 1409 3222 SVEVVM

666 3239 830 3300 utuls‘rnvu
848 3263 940 3298 evum
957 3263 992 3296 ΕΤ
1011 3262 1154 3298 ΟΙῊΤΔΤΙΒ
1173 3263 1345 3299 HOGVNTIRAE
1363 3263 1537 3299 PBAEFECTVH

902 3331 1053 3393 venun
1076 3332 1125 3394 nn
1147 3317 1300 3395 nv'nnnu

1038 3436 1170 3487 navens

956 3523 990 3565 lu
1013 3522 1248 3566 Peunauulcvnt

606 3601 651 3656 [tit
667 3599 798 3644 term
810 3599 947 3642 Aeneae!
963 3599 1196 3643 Aneuluetscot’t
1208 3599 1380 3644 moererent
1394 3589 1599 3654 compostum]

1006 3675 1188 3718 sumntum.

399 3800 445 3849 ιι,
540 3775 584 3837 Ne
599 3795 647 3837 me
662 3784 862 3837 cunctatorem
877 3780 964 3837 vaces
978 3774 1102 3843 diutins,
1121 3794 1193 3835 neve
1207 3775 1421 3854 promissorum
1436 3781 1522 3853 putes
1536 3773 1750 3844 immemorem,

457 3878 614 3958 Eyteiimlie
630 3879 823 3948 ornatissime,
840 3877 964 3938 exhibeo
978 3878 1191 3957 panegyricum
1204 3877 1235 3937 in
1251 3877 1453 3955 exceptionem
1465 3875 1664 3953 Mogentinnm
1684 3874 1750 3935 iiiu-

1013 4007 1191 4023 ..δ-

455 4065 543 4115 XXII.
562 4064 949 4130 A=Ind.bibli0gr.n⁰.X.l.
984 4063 1247 4119 2=Ibid.n⁰.Xib.
1283 4062 1471 4114 Posteriorem
1483 4062 1565 4113 huiue
1577 4060 1752 4127 praefationis

663 4154 782 4214 partem,
802 4148 989 4209 §§.10...17.,
1011 4149 1123 4199 exhibet
1142 4150 1228 4199 etiem
1239 4139 1411 4200 Burckhoid.
1425 4148 1447 4197 Ι.
1461 4146 1536 4213 ρ.95.

456 4270 497 4321 ite
510 4268 669 4334 infrequens
683 4269 750 4331 tuit,
770 4268 893 4318 incidere
905 4283 960 4318 nan
972 4268 1102 4330 debebat,
1116 4273 1146 4317 nt
1158 4268 1240 4318 Helie
1254 4271 1404 4336 crematum
1422 4265 1654 4317 Piefferkornium
1668 4272 1752 4331 atque

456 4354 650 4406 coloniensem
667 4353 880 4419 praedicatorum
897 4354 1003 4404 socium
1020 4368 1102 4403 unum
1120 4354 1290 4419 eundemque
1309 4352 1446 4403 hominem
1460 4352 1547 4401 inisse
1560 4356 1685 4417 putaret,
1705 4367 1752 4400 ne-

456 4456 509 4507 que
522 4439 712 4506 ipsisHutteni
724 4437 828 4488 litteris
840 4438 955 4488 meliora
965 4438 1080 4488 edoctus
1090 4438 1291 4489 dubitationem
1304 4438 1463 4504 deponeret.
1517 4435 1536 4468 ¹¹
1551 4433 1657 4501 quinto]
1672 4437 1753 4485 immo

456 4531 563 4593 quarto.
586 4526 678 4584 „Naale
692 4524 786 4574 Christi
800 4540 888 4574 unsers
905 4523 986 4574 lieben
997 4524 1092 4573 herren
1102 4522 1206 4588 pebnrt,
1224 4522 1332 4573 Taeuent
1347 4522 1526 4588 finffiundert
1543 4522 1594 4570 und
1604 4523 1640 4569 im
1647 4522 1754 4569 niertze-

455 4613 554 4663 lenam
566 4613 633 4670 iure,
646 4612 687 4675 aff
693 4610 838 4659 minucium
850 4610 915 4660 nacla
927 4608 1022 4674 Epidii,
1036 4609 1092 4659 Hal
1103 4625 1160 4657 enan
1177 4614 1251 4658 einen
1261 4609 1403 4674 petanfften
1420 4608 1519 4665 lesden,
1537 4606 1668 4655 lebannes
1682 4605 1754 4668 Pses-

453 4697 562 4761 serltorn
577 4704 701 4761 persanat,
723 4694 753 4745 zi
774 4696 852 4746 liolte
864 4712 910 4746 eor
926 4701 999 4745 sonci
1012 4693 1174 4758 Maritzburp
1189 4696 1248 4759 nnff
1260 4696 1316 4744 dem
1327 4692 1527 4756 ludenlrircltaff
1534 4690 1670 4756 pebeetten,
1687 4691 1756 4740 unna

457 4780 488 4832 ab
500 4799 547 4832 nor
558 4786 600 4831 mit
616 4784 741 4846 pluenden
756 4797 852 4846 :aripen
865 4782 969 4830 etziicbe
981 4786 1045 4829 mate
1058 4795 1099 4828 usz
1116 4782 1209 4828 seinem
1226 4778 1267 4842 tub
1277 4781 1444 4843 perissem..“
1468 4777 1513 4825 ltu
1526 4775 1627 4839 incipit
1644 4775 1693 4823 lite
1710 4790 1753 4838 pe·

456 4865 551 4931 scbtcbt
573 4868 642 4916 annet
657 4866 828 4917 belsanntnusz
852 4867 897 4916 cles
912 4867 1055 4931 petatefften
1071 4864 1167 4921 tuden,
1191 4870 1302 4926 penannt
1314 4864 1448 4927 lebannes
1465 4859 1633 4925 Psefferleorn
1658 4858 1755 4908 eodem

437 4967 529 5002 ‚enno
543 4953 627 5001 editu.

524 5035 546 5069 ²⁴
557 5038 659 5089 Eitelv.
673 5040 698 5087 2.
711 5043 737 5086 el
747 5040 785 5087 sic
795 5052 904 5101 semper.
948 5034 970 5067 ²⁷
989 5032 1121 5086 Germani
1133 5033 1227 5082 aciem.
1272 5030 1294 5063 ²⁹
1306 5036 1376 5082 itan.
1390 5034 1552 5096 sequentem
1567 5029 1689 5078 telana
1701 5030 1754 5078 eeii·

455 5124 520 5173 liant
530 5125 676 5187 aptavimus.
1016 5165 1025 5176 ,.

1100 5203 1110 5236 t
