4067 6209
480 818 588 869 CXXX.
608 831 712 867 sursus
727 830 790 866 sor.
804 830 841 866 Ar>
854 831 938 866 nvrr.
951 828 986 864 nc
1001 829 1098 865 τηου
1111 830 1187 866 uoco
1201 830 1243 865 cr.
1259 830 1285 864 u.
1299 823 1334 864 2³.
1348 830 1406 865 rvc.
1423 820 1481 868 1⁵19,
1559 796 1632 868 279

333 1011 354 1052 a
383 993 511 1068 quolibet
535 992 651 1062 artifice
679 990 804 1063 depinpi
830 1005 908 1047 sese:
942 1005 996 1048 nec
1024 991 1102 1048 enim
1130 990 1263 1048 arbitror
1289 991 1406 1048 lenioris
1437 1006 1500 1047 esse
1532 1005 1634 1063 operae
1686 970 1689 973 ’

335 1097 454 1156 Morum
480 1092 628 1166 effinpere
650 1109 738 1165 quam
761 1091 969 1150 Alexandrum
984 1107 1128 1164 macnum
1147 1097 1201 1150 cut
1221 1090 1378 1161 Achillem,
1403 1107 1457 1149 nce
1478 1093 1524 1150 illi
1543 1107 1632 1165 quam

334 1200 384 1258 bic
403 1203 502 1256 noster
520 1196 740 1253 immortalitate
756 1195 906 1267 dipniores
927 1202 1023 1252 eram.
1063 1194 1133 1252 Tale
1153 1202 1358 1268 arpicmentum
1376 1210 1505 1269 prorsus
1520 1192 1633 1269 Apellis
1644 1188 1688 1238 §.⁴-

335 1302 501 1374 cuiuspiam
523 1313 644 1355 manum
663 1296 832 1364 desiderat,·
864 1305 896 1353 at
917 1312 1021 1355 uereor
1043 1312 1080 1354 ue
1101 1298 1163 1370 ipse
1184 1298 1285 1355 Fulvii
1306 1295 1489 1370 Brcticboepuc
1510 1297 1634 1355 similior

311 1405 390 1462 ⁵sim
412 1410 500 1475 quum
523 1398 653 1473 Apellis.-
684 1400 829 1472 ecperiur
857 1404 954 1455 tamen
983 1398 1036 1456 tibi
1061 1400 1146 1457 totius
1167 1399 1292 1458 bominis
1314 1399 1528 1458 simulachrum
1554 1400 1634 1457 deli-

337 1521 429 1563 neare
452 1504 549 1561 uerius
571 1516 660 1574 quam
682 1502 867 1573 exprimere,
900 1506 1043 1572 quantum
1065 1518 1105 1558 ex
1128 1503 1244 1559 diutina
1268 1502 1485 1576 domesticaque
1506 1517 1634 1561 consue-

336 1608 438 1666 tudine
460 1607 505 1663 oel
521 1602 760 1661 animaduertere
782 1604 866 1661 licuit
889 1603 934 1660 oel
954 1604 1129 1662 meminisse.
1175 1602 1261 1673 Quod
1277 1604 1424 1676 siquando
1443 1606 1509 1676 fiet,
1533 1609 1566 1661 ut
1585 1619 1634 1660 uos

337 1711 440 1781 aliqua
461 1709 569 1779 leontio
589 1705 761 1773 committat,
783 1710 843 1761 tum
865 1704 981 1762 demum
1000 1708 1145 1779 intellipes
1163 1722 1252 1779 picam
1270 1722 1326 1764 uon
1346 1706 1472 1780 probum
1490 1707 1633 1775 artificem

340 1811 383 1867 ad
406 1811 462 1867 boe
480 1810 595 1882 nepocii
615 1807 775 1878 deleberis,
805 1822 964 1880 vereorque
984 1809 1081 1880 plane
1108 1824 1145 1865 ue
1173 1824 1219 1866 me
1245 1817 1298 1865 out
1324 1802 1492 1866 invidendis
1519 1809 1634 1865 incuses

303 1918 391 1970 iocur
410 1912 618 1980 cceeutientiec,
639 1911 693 1982 oui
713 1925 752 1966 ea
773 1914 832 1965 lom
850 1911 948 1967 miultis
969 1896 1051 1968 bonis
1069 1914 1129 1966 tarn
1140 1924 1246 1982 pauca
1265 1912 1310 1968 uel
1329 1912 1451 1969 uiderim
1469 1911 1571 1983 lippus
1589 1910 1635 1967 vel

335 2028 566 2073 commemorare
588 2013 728 2070 noluerim
751 2010 877 2068 invidus.
922 2011 1016 2085 Atque
1038 2020 1070 2069 ut
1090 2009 1128 2068 ab
1148 2027 1185 2068 ea
1206 2016 1296 2085 parte
1316 2011 1480 2083 exordior,
1500 2027 1560 2085 quta
1582 2012 1634 2069 tibi
1643 2016 1661 2066 i.
1669 2019 1688 2063 ⁵.

337 2116 442 2175 Morus
465 2121 509 2173 est
528 2114 740 2187 iunctissimus,
770 2116 886 2169 statura
910 2114 1054 2186 modoque
1078 2116 1214 2187 corporis
1238 2123 1281 2171 est
1307 2113 1393 2185 iufra
1413 2116 1632 2188 promeritorem,

335 2234 431 2292 supra
457 2223 553 2274 lamen
579 2214 733 2273 notabilem
754 2213 956 2272 brumilitatem.
1000 2230 1101 2273 t’erltm
1123 2218 1251 2274 omnium
1273 2216 1469 2274 membrorum
1487 2221 1570 2274 talita
1591 2220 1635 2273 est

334 2321 520 2395 symmetria,
547 2323 579 2375 ut
604 2316 679 2374 nibil
706 2315 754 2373 bic
784 2316 900 2372 omnino
925 2316 1093 2383 desideres;
1119 2322 1186 2374 cute
1207 2320 1342 2391 corporis
1363 2319 1513 2388 eandida,
1533 2316 1633 2389 facies

303 2424 432 2494 nmapis
453 2421 496 2478 ad
514 2418 678 2477 candorem
698 2419 791 2490 serpit
812 2433 900 2490 quam
915 2417 960 2474 od
972 2421 1135 2491 pallorem,
1162 2435 1334 2493 quanquam
1357 2436 1376 2477 a
1396 2420 1506 2479 rubore
1525 2421 1635 2494 procul

335 2522 432 2593 abest,
457 2523 516 2579 nisi
539 2522 619 2594 pirod
644 2520 739 2578 tenuis
766 2520 926 2577 admodum
949 2521 1040 2580 rubor
1062 2521 1168 2594 ubique
1188 2521 1336 2589 sublucet·
1365 2524 1472 2596 capilli
1490 2522 1632 2593 subnipro

332 2626 463 2698 flavore,
492 2624 553 2680 sice
579 2622 671 2678 raucis
695 2618 827 2691 sustlauo
850 2624 989 2705 murore·
1023 2622 1118 2680 barba
1138 2625 1259 2691 rarior;
1291 2627 1371 2682 oculi
1390 2624 1537 2694 subaudi,
1563 2638 1632 2680 mn-

333 2728 411 2785 ·culis
433 2724 609 2799 quibusdam
631 2724 818 2796 interspersi,
845 2740 913 2796 orem
932 2725 1045 2797 species
1067 2704 1216 2797 lupertium
1238 2741 1369 2798 arcuere
1393 2727 1467 2783 solet
1484 2723 1633 2797 felicissi-

299 2829 301 2835 ‘
335 2843 429 2898 mrim,
452 2826 537 2899 apud
556 2825 720 2883 Britrumos
740 2827 827 2883 etiam
851 2825 988 2884 amabilis
1013 2826 1153 2897 babetur,
1179 2844 1246 2886 eum
1274 2830 1369 2887 nostri
1394 2830 1516 2901 niprore
1538 2829 1633 2899 mauis

300 2932 515 3004 menpinnlur:
551 2932 663 3000 nepam
689 2928 780 2984 ullum
810 2929 960 2985 oculorum
987 2944 1084 3001 penus
1108 2929 1204 2986 minus
1232 2928 1374 3000 insesluri
1394 2931 1478 2988 uitiis.
1530 2912 1688 2987 retrusis.

336 3033 455 3105 inpenio
481 3029 654 3103 respondet,
681 3035 801 3099 protam
828 3035 858 3086 et
885 3030 1013 3087 amicum
1040 3029 1229 3102 sestiiitotem
1251 3048 1367 3109 semper
1388 3047 1457 3105 prm
1478 3048 1509 3089 se
1527 3029 1634 3102 serens

335 3150 374 3192 uc
395 3130 532 3189 uonuibil
552 3132 596 3188 ad
615 3130 740 3188 ridentis
758 3129 888 3188 babitum
910 3135 1100 3204 compositus,
1129 3138 1218 3205 utque
1237 3139 1270 3191 ut
1289 3135 1415 3205 inpenue
1436 3133 1549 3196 dicum,
1571 3147 1632 3204 ap-

333 3235 457 3309 positior
478 3232 521 3289 ad
539 3232 751 3290 iucunditatem
775 3248 862 3304 priam
886 3232 930 3289 cd
948 3237 1125 3305 pravitatem
1144 3241 1197 3292 aut
1214 3233 1401 3305 dipuilutem,
1426 3235 1544 3292 etiamsi
1562 3235 1632 3291 lon-

332 3337 454 3409 pissime
484 3332 566 3391 abest
592 3334 630 3404 ab
653 3334 768 3405 ineptia
797 3336 1054 3408 scurrilitateque;
1094 3335 1199 3392 deuter
1226 3334 1366 3392 humerus
1396 3338 1489 3409 purdo
1516 3334 1632 3393 uidetur

300 3438 510 3496 nemineutior
530 3437 617 3504 loeoo,
644 3437 812 3509 praesertim
833 3452 900 3494 mem
926 3437 1051 3503 incedit,
1079 3436 1114 3493 id
1133 3435 1214 3508 quod
1234 3437 1279 3493 illi
1299 3452 1358 3494 non
1380 3439 1491 3496 accidit
1510 3441 1630 3503 nabun,

332 3541 389 3598 sed
402 3537 606 3608 assuetudine,
629 3538 731 3610 qualia
747 3539 900 3609 permulta
915 3537 996 3594 nobis
1013 3539 1107 3594 solent
1127 3536 1286 3595 aduenere
1296 3558 1306 3603 ,·
1333 3540 1363 3595 in
1378 3540 1492 3610 reliquo
1506 3552 1632 3610 corpore

333 3618 411 3698 nibil
437 3644 481 3697 est
505 3638 587 3712 quod
605 3636 758 3709 offendat,·
790 3653 896 3695 marrus
918 3643 1030 3695 tuntum
1051 3637 1226 3696 subrusticus
1246 3645 1327 3709 sunt,
1354 3642 1397 3697 ilc
1419 3641 1582 3709 dumtaxat,
1606 3641 1634 3696 si

333 3741 379 3799 ad
397 3742 543 3812 reliquom
564 3741 698 3812 eorporis
714 3741 840 3811 speciem
858 3737 1065 3811 conserantur.
1110 3739 1181 3813 Ipse
1200 3742 1329 3798 omnium
1349 3758 1416 3815 pica
1434 3742 1478 3799 ud
1496 3742 1686 3815 corporissr.

333 3844 446 3903 cultuum
469 3843 606 3911 attineat,
635 3856 750 3913 semper
776 3856 795 3897 a
818 3856 916 3914 puero
943 3842 1210 3913 neplipenlissimus
1234 3839 1311 3912 suit,
1339 3843 1415 3901 rideo
1439 3850 1472 3900 ut
1499 3860 1553 3901 uec
1578 3846 1631 3900 illa

299 3959 516 4017 somapnopere
544 3958 655 4008 eiurare
682 3942 721 3999 sit
746 3944 846 4000 solitus
875 3958 942 4016 pure
969 3945 1032 4000 sola
1058 3945 1129 4001 uiris
1150 3959 1211 4001 esse
1234 3945 1374 4002 curanda
1397 3945 1482 4004 docet
1503 3944 1632 4004 Ouidius.

333 4047 454 4104 Formae
476 4049 612 4102 uenustas
633 4060 701 4116 oium
719 4043 817 4115 suerit
837 4045 1019 4102 adolescenti
1025 4090 1031 4115 ‚
1054 4047 1241 4103 nuncetiam
1262 4039 1384 4106 licetine
1407 4041 1464 4125 τῆς
1484 4037 1633 4124 καλάμης

332 4150 497 4207 coniicere:
514 4161 698 4218 arlcnpuom
716 4148 781 4220 ipse
801 4148 870 4203 noui
888 4147 1033 4206 bominem
1055 4163 1113 4206 uon
1134 4148 1275 4206 maiorem
1297 4151 1386 4207 annis
1406 4150 1510 4222 uipinti
1532 4149 1632 4221 tribus,

333 4266 404 4308 nam
427 4266 507 4306 nilne
527 4263 586 4306 non
607 4250 728 4305 multum
745 4249 871 4306 excessit
892 4249 1164 4321 qiradrupesimum.
1204 4250 1346 4309 Valitudo
1364 4267 1515 4326 prospera
1537 4254 1689 4324 mopsus.

334 4368 425 4425 quum
447 4349 580 4420 robusta,
609 4349 664 4406 sed
685 4355 781 4407 tomen
808 4366 876 4423 querc
897 4351 1086 4423 queuntislibet
1106 4350 1256 4409 laboribus
1277 4351 1413 4424 sufficiat
1434 4354 1552 4412 honesto
1572 4355 1634 4411 ciue

298 4467 323 4508 ss
334 4455 449 4526 idianis,
479 4453 569 4510 nullis
588 4457 642 4509 aut
661 4457 740 4510 certe
754 4453 943 4525 paucissimis
961 4452 1070 4510 morbis
1088 4452 1234 4511 obnoxia:
1262 4469 1328 4525 spes
1348 4459 1393 4510 est
1410 4456 1537 4513 triuncem
1554 4453 1632 4526 sore,

336 4554 457 4628 quando
471 4561 589 4627 patrem
610 4553 697 4611 babet
718 4553 877 4611 admodum
898 4562 971 4610 natu
991 4548 1154 4626 prandem,
1179 4553 1234 4610 sed
1253 4556 1328 4611 mire
1350 4556 1458 4613 uirenti
1477 4561 1634 4628 repetoque

404 4718 415 4751 ⁴
439 4721 517 4770 Fulv.
533 4719 606 4787 auu]
630 4723 689 4770 Non
713 4721 795 4769 nimis
814 4720 885 4792 scite
905 4709 1035 4768 Erasmus
1055 4720 1089 4769 ad
1108 4721 1205 4769 Horat.
1225 4725 1278 4768 sut.
1292 4721 1329 4769 ΙΙ.
1348 4722 1414 4780 imo.
1432 4722 1560 4786 respicit,
1587 4721 1634 4769 ubi

337 4806 371 4856 de
389 4805 471 4855 Fulvi
491 4807 662 4871 Rutubaequc
682 4805 858 4867 (famosorum
878 4803 1074 4867 gladiatorum)
1094 4803 1199 4868 proeliis
1219 4805 1329 4853 rubrica
1348 4806 1432 4869 pictis
1452 4812 1500 4854 aut
1513 4805 1632 4855 carbone

337 4895 421 4955 pocta
440 4891 519 4940 dicit.
582 4889 789 4939 ⁵simulacrum
803 4892 861 4937 Μ.
873 4890 896 4936 8.
961 4885 994 4919 Μ
1014 4888 1225 4938 (loliniaro1.2.
1291 4888 1427 4955 ‘vcr.q.]
1448 4895 1578 4954 quantum
1597 4890 1633 4951 (et

333 4978 423 5024 iterum
442 4982 574 5039 quantun]
591 4980 649 5038 post
668 4974 755 5039 expe.)
778 4976 832 5024 sine
854 4990 929 5024 sensu
949 4976 972 5022 l.
982 4976 1006 5023 8.
1090 4972 1111 5004 ¹⁵
1129 4975 1206 5038 vergi
1226 4978 1250 5021 7.
1259 4976 1284 5023 8.
1313 4974 1387 5023 i'alia
1404 4979 1430 5023 in
1447 4990 1504 5041 sqq.
1522 4982 1632 5039 prater·

334 5066 437 5108 mutan.
490 5058 695 5110 ²⁷tnmcn7.8.
753 5056 886 5123 ”Ovidi
905 5060 964 5108 Art.
984 5074 1037 5108 am.
1051 5059 1074 5107 1.
1088 5057 1146 5108 509.
1160 5074 1219 5123 sqq.
1271 5056 1291 5089 ³¹
1313 5049 1430 5124 daun]
1451 5059 1632 5109 cxconiecto

336 5159 459 5212 corporo.
