4067 6209
480 751 551 822 142
605 764 662 816 LV.
681 764 754 815 LVI.
774 779 902 814 coenum
915 778 952 813 nn
964 779 1167 814 rancuunruen.
1182 780 1243 815 nrr.
1262 780 1288 814 n.
1301 773 1337 815 26.
1351 780 1409 816 iva.
1424 781 1458 815 nr
1471 773 1492 815 ὁ.
1507 781 1563 815 rvr..
1580 773 1638 815 tttt.

475 940 602 1002 scribam,
636 939 743 1013 quando
772 938 885 994 redierit
913 946 992 1012 pater
1018 938 1192 1011 guardiauus.
1237 939 1323 995 Credo
1351 957 1402 995 uos
1431 940 1534 1013 optime
1561 958 1645 1014 posse
1678 941 1770 996 Romae

475 1043 556 1097 agere
572 1026 702 1099 hyemem.
725 1024 757 1079 de
780 1023 894 1079 duorum
917 1024 1089 1080 revocatione
1112 1023 1200 1079 omnia
1223 1025 1250 1079 iu
1273 1034 1388 1081 vestram
1403 1024 1631 1081 consultationem
1647 1027 1769 1099 reposui.

416 1113 460 1164 §.b
475 1112 544 1166 Beue
566 1110 623 1165 vale
645 1126 676 1165 ac
691 1108 837 1164 llutteuum
860 1126 912 1184 pro
935 1116 980 1164 tua
1003 1109 1169 1165 humanitate
1191 1109 1330 1183 benignus¹
1349 1111 1449 1185 excipe.
1494 1109 1531 1165 Es
1546 1111 1666 1167 bononia
1689 1120 1768 1165 sexto

475 1195 532 1250 llal.
557 1194 624 1250 lulii.
648 1198 726 1250 huno
747 1194 849 1249 domiui
873 1200 949 1254 1517.

933 1424 1321 1442 ———-——-

491 1748 632 1782 nouom.
1068 1713 1168 1789 LVI
1580 1744 1599 1781 a.
1615 1749 1671 1782 ivn.
1688 1742 1748 1784 rau.
1790 1748 1803 1786 s

474 1800 660 1813 ——1-——-
1562 1801 1767 1813 ——-.

683 1883 837 1971 [ioannes
859 1887 1041 1944 ooommvs
1063 1889 1232 1945 nlnlnuntto
1253 1883 1509 1964 rinohflnthnno]
1534 1888 1560 1943 S.

340 2096 342 2099 Ι
416 2038 465 2089 §.a
560 2025 628 2093 Quid
652 2024 700 2080 tihi
723 2024 838 2081 scribam
860 2024 936 2088 novi,
959 2025 1151 2081 humanissime
1173 2025 1280 2081 domiue
1303 2022 1444 2087 Bilihalde,
1473 2025 1579 2087 neseio,
1609 2043 1764 2100 quanquam

470 2128 538 2166 nora
561 2118 625 2166 sunt
647 2110 777 2185 plurima,
801 2118 828 2181 at
850 2109 929 2165 uobis
952 2111 1042 2166 omnia
1064 2119 1111 2166 aut
1133 2110 1236 2166 ineerta
1259 2117 1305 2165 aut
1328 2110 1442 2182 ingrata.
1486 2109 1559 2164 Abiit
1582 2111 1612 2165 ad
1637 2129 1685 2166 vos
1700 2121 1764 2167 ante

471 2196 609 2253 octiduum
636 2204 732 2252 noster
754 2196 902 2256 lluttenus‚
933 2195 1015 2251 bomo
1039 2195 1140 2269 ingenii
1163 2196 1249 2269 magis
1272 2195 1343 2251 acuti
1367 2201 1395 2249 et
1417 2194 1488 2249 aeris
1512 2212 1591 2269 quam
1613 2195 1711 2268 placidi
1735 2205 1763 2251 et

470 2282 564 2355 quieti.
608 2280 671 2335 [ledi
695 2281 719 2336 ei
742 2280 863 2341 litteras,
888 2297 1041 2354 quanquam
1063 2280 1136 2335 risus
1165 2280 1255 2336 luerat
1282 2298 1297 2335 a
1324 2278 1403 2335 nohis
1431 2279 1554 2334 nonnihil
1582 2279 1759 2336 abalienatus.
1774 2292 1798 2330 to

471 2370 537 2421 hmo
566 2366 689 2440 equidem
717 2365 835 2421 hominis
861 2364 1011 2438 ingenium,
1043 2366 1171 2422 leroeiam
1199 2366 1257 2420 eius
1284 2381 1340 2420 nou
1369 2364 1420 2427 ita;
1449 2363 1530 2437 louge
1558 2372 1632 2420 certe
1656 2365 1762 2420 facilius

414 2457 458 2507 §.t
470 2450 609 2506 absentem
633 2468 712 2524 quam
735 2458 897 2524 praesentem
919 2449 968 2521 (ita
991 2458 1079 2506 tecum
1095 2450 1171 2524 loqui
1187 2449 1263 2521 libet)
1286 2449 1400 2505 amicum
1417 2448 1538 2504 servabo.
1575 2449 1665 2505 Pridie
1681 2468 1762 2524 quam

469 2536 622 2597 recuteret,
650 2535 720 2609 apud
749 2553 791 2590 me
820 2534 884 2590 vidit
905 2534 1044 2591 Laurentii
1072 2534 1153 2591 Vallae
1182 2534 1421 2590 libellum-contra
1443 2534 1612 2589 Constantini
1636 2534 1762 2591 donatio·

468 2637 544 2681 nem,
568 2637 648 2695 quem
670 2637 723 2692 ego
745 2620 778 2675 ad
800 2619 935 2675 modicum
957 2627 1064 2693 tempus
1086 2619 1227 2675 videndum
1250 2618 1283 2675 ab
1305 2619 1359 2674 alio
1381 2619 1579 2675 commodatum
1594 2637 1760 2693 acceperam.
1828 2614 1835 2621 ’

468 2705 524 2759 vult
552 2706 634 2761 homo
662 2721 723 2759 cum
752 2702 873 2759 libellum
900 2704 927 2759 iu
950 2703 1092 2760 Germania
1121 2722 1217 2760 rursus
1241 2703 1411 2779 impressioni
1435 2704 1576 2766 mandare:
1605 2705 1698 2777 petiit,
1728 2714 1759 2760 ut
1772 2719 1794 2758 ta

468 2787 578 2845 libellus
601 2790 666 2850 iste,
691 2788 753 2861 quia
775 2789 926 2844 correctior
948 2796 1037 2851 esset,
1062 2788 1318 2852 transscriberetur;
1341 2806 1397 2845 uon
1419 2788 1496 2862 potui
1519 2788 1543 2844 ei
1568 2788 1593 2843 id
1608 2789 1759 2862 denegare:

470 2874 664 2948 transscriptus
687 2881 729 2929 est
751 2891 766 2929 a
788 2873 944 2932 l‘ridericho
966 2873 1171 2948 herbipolensi:
1202 2873 1402 2930 transmittetur
1430 2874 1454 2928 ei
1477 2882 1541 2947 post
1562 2891 1663 2948 paucos
1686 2874 1759 2938 dies;

412 2964 457 3015 §.a
469 2960 516 3015 sed
545 2968 572 3016 et
601 2960 668 3015 loris
696 2958 796 3014 habent
824 2958 995 3031 exemplaria.
1040 2958 1126 3015 Credo
1156 2959 1292 3032 equidem.
1310 2958 1448 3014 verissima
1476 2976 1548 3037 esse.
1566 2976 1625 3031 quaa
1648 2959 1759 3033 scripsit

468 3044 643 3107 Laurentium
671 3060 767 3100 vereor
795 3052 884 3099 tamen
907 3060 941 3099 ne
963 3051 1025 3100 tuto
1048 3045 1089 3101 edi
1113 3052 1222 3118 queant.
1246 3051 1274 3099 at
1295 3044 1431 3100 lluttenus
1453 3043 1595 3099 anathema
1623 3060 1679 3099 nou
1702 3044 1759 3099 lor·

468 3129 564 3191 midat‚
588 3138 616 3184 et
639 3128 778 3201 indiguum
800 3128 866 3183 mibi
887 3128 1005 3191 videtur,
1029 3137 1059 3185 ut
1081 3129 1180 3185 veritas
1202 3147 1217 3184 a
1240 3129 1361 3184 veritatis
1383 3115 1484 3201 gladio
1496 3127 1682 3201 prohibeatur.
1717 3129 1792 3183 laea

467 3214 517 3269 cile
542 3214 626 3287 igitur
648 3213 721 3269 illius
743 3231 811 3269 ausu
839 3214 866 3268 in
893 3211 981 3269 lucem
1004 3214 1139 3270 laurentii
1167 3213 1292 3276 libertas,
1322 3230 1374 3287 qua
1401 3212 1471 3268 haud
1495 3212 1651 3268 inferiorem
1675 3212 1759 3268 Frau-

410 3303 514 3354 t.⁴.cus
538 3299 582 3355 ille
611 3300 697 3372 gerit,
727 3298 833 3354 redibit.
878 3297 1006 3353 Scribant
1034 3316 1117 3372 super
1143 3298 1329 3355 commenticia
1358 3296 1403 3352 illa
1430 3297 1577 3353 donatione
1604 3307 1758 3353 commenta

466 3384 550 3440 multa
572 3385 719 3440 canonista
742 3391 769 3439 et
792 3381 914 3455 theologi
930 3391 958 3438 et
971 3383 1115 3447 cucullati;
1138 3384 1185 3439 sed
1201 3383 1320 3439 omnium
1335 3382 1513 3454 ratiunculas,
1537 3383 1618 3437 imruo
1634 3382 1758 3456 captiun-

465 3468 540 3525 culas
563 3470 677 3544 quisque
699 3469 743 3525 cui
765 3485 821 3524 nou
844 3467 910 3523 nihil
939 3468 975 3523 sit
1002 3468 1121 3531 cerebri,
1151 3469 1229 3524 lueile
1258 3467 1404 3523 refelleret.
1449 3469 1484 3523 bt
1511 3484 1563 3540 ego
1591 3476 1687 3522 contra
1713 3486 1758 3523 ca·

464 3555 588 3610 nouistas
611 3554 685 3628 loqui
709 3570 763 3609 nou
785 3552 886 3614 debeo.
909 3569 944 3609 ne
968 3552 1015 3608 tibi
1038 3554 1129 3609 videar
1150 3571 1246 3609 rursus
1268 3553 1327 3608 eius
1349 3551 1430 3607 studii
1446 3560 1586 3626 apostata;
1609 3570 1663 3622 non
1679 3556 1806 3611 certent

465 3638 489 3693 id
512 3640 623 3702 desero,
648 3656 801 3712 quanquam
824 3654 1003 3711 magnacum
1026 3637 1197 3712 displicentia
1219 3633 1440 3712 plurima⁰lego,
1468 3636 1621 3712 praesertim
1643 3655 1673 3693 ea
1695 3654 1756 3711 quae

464 3733 528 3780 suut
557 3724 583 3779 iu
607 3724 688 3780 Sexto
718 3731 745 3779 et
772 3721 960 3785 Clementiuis,
989 3722 1035 3779 ubi
1063 3722 1137 3779 nulla
1166 3722 1315 3779 verbositas
1343 3721 1501 3795 pontificma
1529 3723 1648 3778 avaritiae
1675 3722 1756 3777 satis·

463 3808 552 3865 lacere
582 3816 682 3882 potest.
718 3851 724 3861 .
750 3850 755 3861 .
780 3850 786 3861 .
811 3851 834 3873 ,Ἴ
842 3850 970 3861 .....
991 3826 994 3832 ·
995 3850 1186 3863 .......
1220 3807 1291 3865 Beue
1322 3806 1388 3862 vale.
1432 3806 1470 3862 Ex
1497 3806 1629 3869 bononia,
1658 3812 1696 3867 5²⁰
1711 3807 1756 3862 die

464 3893 537 3956 lolii,
560 3896 638 3950 Aurio
661 3893 764 3949 llomiui
789 3898 864 3953 1517.

407 3983 452 4034 §.h
548 3977 721 4033 lliraudulam
750 3976 869 4033 obsideri
897 3977 991 4041 audio;
1019 3977 1195 4034 nibilominus
1220 3986 1249 4033 tu
1277 3977 1316 4033 illi
1345 3976 1479 4039 rescribe,
1509 3994 1543 4031 ue
1564 3975 1619 4031 doli
1642 3993 1686 4032 me
1708 3994 1789 4035 suno

462 4070 585 4137 spectum
607 4070 678 4135 agat.
731 4061 795 4117 Vide
819 4079 911 4135 quaeso
939 4069 1105 4117 monstrum:
1134 4062 1212 4118 xxxt
1241 4061 1395 4119 Cardiuales
1425 4078 1478 4117 uua
1507 4061 1644 4117 creatione
1666 4060 1755 4119 dicam

462 4165 496 4202 au
523 4148 747 4204 dinuudinatioue
777 4145 872 4202 laetos.
916 4145 976 4203 Nou
1005 4146 1072 4201 satis
1100 4155 1159 4202 erat
1186 4147 1298 4203 deiectis
1326 4146 1395 4202 bona
1425 4147 1571 4209 ademisse;
1601 4147 1693 4200 leruut
1723 4163 1756 4201 er

461 4232 572 4289 adiectis
601 4230 722 4306 pontifici
749 4230 896 4287 accrevisse
925 4249 1007 4306 supra
1030 4230 1108 4286 CCCC
1130 4231 1214 4287 millia
1240 4233 1414 4293 ducatorum,
1443 4232 1532 4304 opima
1560 4231 1641 4286 credo
1664 4231 1754 4304 spolia

460 4317 531 4373 eruli
554 4320 645 4372 lutura
667 4315 728 4372 duei
751 4315 857 4370 Urbini:
888 4316 935 4372 sed
958 4333 1013 4372 nou
1035 4315 1095 4372 dico
1118 4333 1186 4390 ego,
1216 4334 1250 4373 ue
1273 4317 1414 4373 anathema
1437 4316 1505 4371 ham.
1550 4313 1644 4372 llicuut
1667 4316 1755 4372 cardi·

459 4402 579 4459 ualatum
601 4402 679 4457 vendi
700 4400 784 4457 licere
806 4401 877 4457 sicut
898 4400 1003 4474 reliqua
1027 4400 1123 4457 officia.

1028 4533 1190 4544 -——.—

853 4584 924 4634 avr.
943 4584 1099 4634 naumann.
1119 4584 1137 4634 r.
1152 4602 1175 4634 ο.
1190 4601 1215 4649 p.
1229 4583 1291 4632 aa..
1304 4582 1355 4633 aa.

434 4780 436 4782 ,
525 4719 672 4788 ²duorum]
693 4722 873 4772 Geaderoram.

526 4806 548 4839 ¹⁷
565 4804 737 4871 Fridericho]
757 4807 862 4855 blacher
880 4820 902 4855 e.
916 4806 1061 4855 Piscatore.
