4067 6209
400 790 472 864 150
507 803 596 857 LXII.
616 819 736 854 aarum
749 818 786 854 In
798 818 912 854 rrucxu.
925 820 969 857 ur.
983 813 1122 856 barura.
1132 813 1191 853 ¹211.
1211 805 1314 855 LXIII.
1328 818 1432 853 nuusur
1446 818 1482 854 nn
1496 817 1635 853 uernum.
1650 819 1695 859 nr.

399 983 449 1038 bus
472 982 524 1036 boe
546 986 694 1053 praestetur
716 976 852 1041 beneficii,
877 978 924 1034 sed
947 980 1020 1052 quod
1044 987 1171 1035 nostrum
1194 987 1236 1035 est
1258 978 1374 1053 publicae
1389 978 1542 1034 studiorum
1558 978 1699 1033 honestati

343 1065 556 1137 §.uconsnlere
588 1082 667 1137 quam
696 1064 740 1118 isti
764 1062 864 1119 talibus
887 1063 992 1119 lusibus
1016 1064 1127 1137 indigne
1154 1065 1347 1120 eoutmninaut.
1392 1065 1478 1119 Porro
1503 1064 1575 1137 qnod
1599 1064 1632 1118 od
1656 1082 1700 1119 rue

401 1151 534 1227 pertinet,
558 1150 614 1204 seio
637 1149 770 1204 nemiuem
794 1149 853 1203 lore
876 1149 922 1222 qui
946 1167 988 1204 me
1009 1149 1098 1211 norit.
1129 1150 1193 1223 quin
1217 1150 1284 1204 satis
1307 1147 1443 1220 intelligat
1467 1149 1619 1203 istiusmodi
1644 1166 1700 1203 um·

401 1237 460 1291 nias
488 1233 552 1289 milii
582 1251 664 1307 supra
693 1233 801 1288 modum
830 1233 1016 1308 displicuisse,
1047 1234 1147 1308 qnippe
1171 1235 1294 1307 indiguos
1316 1233 1430 1289 eruditis
1453 1252 1483 1289 ae
1505 1234 1601 1307 probis
1625 1234 1699 1288 viris.

401 1320 497 1377 laeobo
521 1316 654 1374 llor'uensi
678 1318 789 1373 multam
812 1336 843 1373 ex
866 1337 909 1373 me
931 1320 1046 1374 salutem
1069 1319 1167 1381 dicito,
1195 1320 1272 1395 euius
1302 1319 1418 1392 epistola
1445 1319 1497 1374 diei
1525 1335 1579 1373 noo
1604 1325 1721 1390 potesta

402 1392 572 1479 quantopere
595 1404 644 1459 sim
667 1403 826 1458 delectatus.
868 1403 904 1459 lle
925 1404 1078 1478 composita
1101 1405 1148 1460 lite
1172 1404 1343 1460 lleueblinieo
1366 1405 1468 1458 utinam
1491 1420 1553 1459 rera
1577 1404 1700 1459 nuncies.

344 1490 542 1546 §.adnunciavit
564 1489 628 1544 mibi
653 1488 759 1563 quidam
774 1488 966 1543 tllemnriensis
990 1497 1016 1543 te
1039 1488 1138 1544 alteros
1161 1490 1194 1545 ad
1217 1508 1267 1544 nus
1289 1490 1395 1544 dedisse
1412 1489 1520 1550 literas,
1545 1505 1638 1543 verum
1654 1506 1701 1543 eas

401 1575 520 1630 nondum
543 1574 643 1647 aet-epi.
688 1574 759 1628 liene
781 1572 853 1635 vale,
877 1574 1035 1630 doctissime
1057 1575 1165 1629 Cmsari.
1186 1575 1376 1658 ‘bntit'erpim
1398 1573 1531 1648 postridie
1553 1580 1701 1647 assumptm

400 1659 522 1733 virginis.
566 1660 644 1714 Auno
655 1724 657 1727 Α
667 1659 699 1714 Μ.
714 1673 825 1734 ccccc.
838 1658 898 1729 xvij.

915 1804 1203 1821 *ψ-
1214 1811 1234 1815 .,,

417 1975 584 2010 nonnarum.
982 1941 1106 2014 LXII.
1124 1954 1126 1957 ⁴
1493 1967 1527 2005 2¹1.
1541 1961 1682 2008 armiati.
1712 1955 1739 1994 ¹0

635 2112 855 2193 [tavnutrtt's
876 2115 999 2172 nunaut
1021 2116 1202 2172 CANONIGVS
1224 2115 1469 2172 utttltEttGEn'Sts

769 2214 969 2264 multinubo
989 2212 1283 2292 Pluctfflfflntfflto]
1304 2213 1331 2263 S.

486 2338 607 2394 Intellexi
624 2356 656 2393 ox
673 2338 741 2399 tuis,
765 2338 911 2392 anticorum
928 2337 1083 2393 dulcissime
1099 2337 1330 2411 amicissimeque,
1354 2336 1436 2392 multa
1453 2353 1534 2399 rrora,
1559 2356 1620 2411 qun¹
1643 2339 1702 2410 qui-

401 2426 461 2480 dem
478 2424 567 2479 onmia
583 2423 647 2478 illue
662 2423 791 2485 tendunt,
807 2430 838 2477 ut
854 2422 958 2477 nullum
973 2439 1033 2477 meo
1050 2423 1148 2479 iudicio
1171 2440 1263 2496 [racem
1286 2423 1458 2496 portomlant.
1477 2465 1481 2475 .
1500 2465 1505 2475 .
1524 2466 1529 2476 .
1547 2465 1553 2475 .
1571 2466 1576 2476 .
1595 2466 1600 2475 .
1625 2423 1702 2477 Solu·

404 2509 455 2564 tani
470 2509 608 2563 ‹lorniuum
625 2507 786 2569 lluttennm‚
811 2524 856 2580 ‹pu
873 2515 901 2562 et
916 2515 943 2563 te
960 2506 1100 2563 resalutat.
1116 2508 1241 2563 'couleeit
1257 2508 1326 2563 intra
1343 2526 1444 2582 ponens
1459 2508 1517 2563 dies
1533 2516 1560 2563 et
1577 2510 1702 2581 quiartdm
1714 2520 1736 2559 ra

402 2602 497 2649 contra
520 2593 615 2647 ducem
637 2591 909 2662 Wirteubergonsem
938 2592 1110 2653 invectivam,
1139 2601 1167 2647 et
1195 2593 1303 2666 quidem
1333 2611 1429 2647 nemin.
1475 2593 1551 2647 Snnsi
1584 2600 1614 2647 ut
1638 2601 1703 2665 post

403 2676 615 2752 publicationem
638 2677 696 2731 eins
719 2675 841 2737 sebene
864 2684 895 2731 nt
916 2676 1129 2751 circumspectus
1152 2677 1302 2739 custodiat,
1333 2694 1367 2732 ue
1396 2676 1446 2731 sibi
1478 2678 1549 2750 quod
1579 2686 1607 2732 ot
1629 2678 1703 2732 Ciro-

404 2762 479 2823 roni:
511 2761 584 2834 quod
607 2760 692 2823 absit,
715 2761 857 2834 contingat
861 2803 1079 2815 ..........
1097 2760 1124 2815 Si
1147 2762 1272 2817 dontinus
1295 2762 1395 2837 Caspar
1415 2763 1503 2825 tvm,
1526 2770 1617 2817 vestm·
1640 2778 1703 2835 syn·

403 2847 496 2908 elisus,
521 2846 567 2918 qni
590 2854 632 2901 est
654 2846 694 2901 vel
718 2846 770 2901 luit
786 2848 931 2917 Augustae,
956 2846 1026 2901 istuc
1049 2847 1166 2908 venerit,
1190 2863 1242 2920 ego
1266 2865 1389 2921 quoqne.
1412 2846 1477 2903 lieet
1491 2842 1567 2902 vuldo
1583 2847 1703 2920 indispo-

405 2932 487 2993 sitns‚
516 2930 548 2986 ad
577 2949 624 2986 vos
651 2931 810 2987 eoui‘olabo.
855 2931 918 2987 lledi
946 2931 1056 2986 domiuo
1079 2932 1171 2987 loanni
1201 2931 1319 2987 Selittner
1346 2930 1503 2988 luscionlmu
1532 2948 1619 2987 sumn.
1660 2938 1739 2985 estu

405 3015 472 3071 trude
494 3023 653 3078 contentus,
684 3016 757 3089 qnod
780 3034 834 3071 utin
858 3024 900 3071 est
922 3016 1084 3090 impressum
1108 3017 1187 3072 modo
1210 3035 1276 3079 suo,
1305 3018 1352 3072 sed
1382 3018 1440 3091 ipso
1464 3017 1512 3071 tibi
1535 3017 1636 3072 scribet
1658 3015 1704 3071 de·

405 3102 506 3156 leutrun
530 3118 616 3156 suum.
661 3100 774 3156 llomino
791 3102 910 3157 llutteno
933 3102 993 3157 dedi
1017 3101 1110 3156 literas
1134 3119 1209 3164 suns,
1234 3102 1279 3176 qni
1303 3101 1395 3176 paullo
1418 3111 1480 3175 post
1504 3102 1638 3157 rediitad
1662 3119 1704 3156 me

404 3193 432 3241 et
454 3186 529 3241 dedit
551 3185 615 3241 mibi
645 3186 785 3259 legendam
814 3185 886 3242 illam
909 3187 1064 3262 materiam,
1097 3196 1124 3241 et
1155 3187 1228 3242 risus
1258 3195 1300 3242 est
1328 3187 1392 3241 mibi
1416 3204 1471 3242 uon
1494 3186 1608 3242 umltrnn
1638 3204 1703 3260 pro·

405 3270 485 3333 bare,
520 3271 582 3344 qnia
609 3270 691 3332 dixit,
726 3271 799 3344 quod
820 3272 862 3326 sit
891 3271 960 3326 bene
989 3271 1196 3333 advertendum,
1232 3289 1266 3327 ne.
1296 3273 1359 3345 quid
1383 3272 1479 3327 ulatur·
1507 3273 1580 3345 quod
1609 3288 1704 3345 parurn

368 3413 371 3421 ,
404 3356 538 3411 conducat
560 3356 657 3411 bonori
681 3364 709 3412 ot
732 3356 865 3411 maiestati
890 3355 1046 3417 lleuebliui‚
1070 3365 1153 3430 pirorit
1176 3375 1204 3410 se
1229 3356 1275 3410 tibi
1300 3357 1464 3430 scripturum
1489 3356 1627 3430 pollicitus
1651 3363 1738 3411 est.²⁵

405 3442 456 3496 Sed
485 3458 538 3514 ego
566 3441 701 3504 arbitror,
735 3441 808 3515 quod
838 3442 898 3497 ideo
926 3459 982 3497 nou
1011 3441 1076 3496 velit
1104 3442 1176 3515 qtiod
1205 3442 1314 3504 edatur,
1352 3444 1414 3515 quia
1443 3442 1601 3513 continuit,
1631 3440 1703 3514 «prod

405 3526 486 3582 etiam
515 3526 560 3581 alii
588 3526 694 3581 valeant
716 3544 749 3582 eo
778 3526 888 3599 ingenio
911 3526 953 3583 vel
976 3526 1041 3581 stilo
1065 3544 1119 3599 quo
1143 3527 1200 3600 ipse
1223 3544 1289 3582 usus
1312 3535 1353 3582 est
1376 3528 1402 3582 iu
1427 3527 1551 3601 epistolis
1574 3527 1705 3581 obscuro·

406 3628 479 3666 ruru:
509 3612 615 3666 siletur
643 3612 714 3667 enim
741 3611 829 3686 palam
859 3629 913 3666 oou
940 3629 1042 3683 negare
1071 3630 1100 3667 se
1129 3610 1189 3667 illos
1219 3611 1349 3685 epistolas
1377 3613 1507 3669 edidisse.
1537 3620 1565 3667 ut
1588 3611 1704 3684 uiridem.

319 3709 321 3713 ·
405 3704 435 3751 nt
458 3696 522 3760 milri
545 3697 664 3759 videtur,
689 3714 742 3753 non
766 3697 832 3751 satis
855 3697 1016 3771 prudenter,
1042 3704 1155 3770 propter
1177 3696 1327 3770 perieulum
1350 3697 1423 3771 quod
1444 3698 1637 3772 praedicatores
1654 3695 1704 3751 sibi

406 3780 557 3837 subornare
579 3790 708 3855 possent,
732 3782 854 3855 quaunis
877 3782 933 3836 siut
954 3780 1091 3854 pharisaei.
1114 3780 1187 3837 Vale.
1714 3782 1739 3822 ³⁰

723 3965 808 4014 LXII.
827 3965 982 4013 Heumann.
1002 3962 1072 4024 (Iud.
1086 3962 1153 4012 bibl.
1167 3963 1204 4012 n⁰.
1219 3963 1271 4025 to.)
1285 3980 1310 4028 p.
1325 3962 1385 4041 ‘2573

408 4299 568 4362 -u-onrt—urr.a
580 4356 587 4358 ⁷.
896 4307 899 4312 ·
983 4266 1126 4342 LXIII,
1501 4298 1535 4335 tn.
1551 4301 1614 4335 nvo.
1632 4296 1689 4336 tott.

1493 4355 1707 4367 ἐξ

979 4442 1130 4499 trunsuvs

597 4539 818 4589 CLARISSIMO
837 4540 968 4590 conum
987 4543 1021 4591 D.
1041 4542 1246 4593 HEIIMANNO
1265 4542 1427 4592 Nunrrrto
1446 4542 1514 4592 SVO

1019 4627 1046 4676 S.
1060 4629 1095 4678 D.
1718 4634 1743 4674 35

355 4747 399 4798 §.t
495 4732 551 4787 Scit
581 4739 637 4786 tota
667 4731 797 4786 sodalitas
819 4731 975 4789 basiliensis
1002 4733 1069 4789 mihi
1097 4750 1205 4806 semper
1226 4733 1399 4807 displicuisse
1421 4732 1556 4806 Epistolns
1579 4751 1647 4806 (piros
1670 4736 1709 4789 in·

411 4816 580 4891 seripserunt
595 4817 779 4873 llbseurorum
801 4817 936 4881 virorum.
958 4835 1014 4874 uon
1039 4819 1111 4892 qnod
1134 4817 1295 4874 abhorream
1317 4818 1451 4874 alestivis
1468 4818 1549 4879 ineis,
1573 4818 1619 4873 sod
1636 4820 1708 4892 qtrtnl

496 4999 598 5049 LXIII.
617 5000 727 5048 Erasmi
739 5000 808 5064 Epp.
823 5000 893 5062 (Iud.
905 5000 972 5050 bibl.
986 5000 1023 5050 11⁰.
1032 5000 1109 5058 indm.)
1122 5000 1247 5065 Appeod.
1260 5016 1332 5049 nuru.
1346 5018 1465 5051 (numu.
1480 5000 1532 5050 eol.
1549 4976 1620 5052 mio.

1254 5071 1670 5079 ῃ---Α--ᾷῃ

477 5132 485 5164 ¹
505 5134 669 5215 beneficium
683 5138 708 5183 2.
756 5134 773 5208 ,θ
785 5139 861 5185 nunt.
875 5138 901 5185 2.
954 5135 964 5167 ⁸
982 5136 1136 5202 Antuerpia
1157 5133 1195 5187 16.
1209 5135 1340 5202 Augusti,
1361 5137 1440 5187 Anno
1455 5135 1528 5186 1517.
1542 5138 1567 5185 2.
