4067 6209
460 770 533 844 242
587 783 657 835 CVI.
677 800 758 836 nrrr.
773 799 809 834 nn
822 798 907 833 annu.
920 800 994 833 nrm.
1026 780 1110 834 cun.
1124 798 1206 835 nvrr.
1221 798 1257 833 nn
1270 797 1369 834 ransc.
1384 797 1448 833 aaa.
1462 797 1504 833 nr.
1520 790 1592 834 mas.
1602 797 1690 833 rann.
1707 789 1769 835 1519.

460 955 686 1036 oppressoribus
708 956 830 1023 nostris,
854 961 963 1032 quanto
987 952 1148 1014 consultius
1171 953 1225 1013 luit
1240 952 1366 1031 aliquem
1383 971 1501 1030 semper
1517 953 1657 1031 spiritum
1674 972 1767 1032 agere

460 1079 556 1138 neque
578 1056 739 1118 arctissime
762 1057 931 1133 comprimi,
965 1073 1053 1132 qtram
1083 1055 1134 1116 ubi
1161 1074 1192 1115 sc
1220 1056 1374 1115 manifeste
1404 1054 1583 1132 strangulari
1612 1056 1673 1116 ianr
1697 1074 1765 1115 seu-

461 1162 547 1228 serit,
571 1160 682 1236 impetn
706 1157 782 1217 lacto
805 1159 955 1235 ereptione
971 1159 1015 1216 sui
1031 1155 1122 1216 mrdta
1139 1156 1312 1217 conculcare
1328 1176 1362 1217 ac
1377 1157 1528 1217 everteret
1550 1156 1669 1217 Patitur
1684 1158 1763 1217 enim

462 1263 526 1339 capi
549 1260 595 1321 illa
617 1279 652 1320 ac
674 1260 774 1319 vinciri
796 1257 897 1319 leviter
918 1260 1043 1335 patitur,
1078 1260 1241 1335 presertim
1269 1264 1332 1319 arte
1360 1261 1450 1336 siquis
1472 1258 1566 1318 valeat
1596 1266 1625 1319 et
1654 1259 1763 1319 astutia

406 1365 568 1442 §.s-pressit:
592 1362 660 1434 duci
682 1379 716 1420 ac
738 1362 842 1437 perimi
865 1379 924 1419 non
947 1362 1070 1439 patitur,
1094 1379 1149 1436 nec
1171 1362 1200 1420 in
1223 1368 1317 1420 totum
1340 1362 1430 1420 everti
1452 1360 1585 1421 sustinet.
1630 1360 1786 1420 Proindea

461 1464 569 1543 aliquid
586 1442 670 1523 nobis
692 1461 770 1522 ultro
793 1462 895 1531 detur,
917 1481 955 1522 ne
977 1463 1074 1521 omnia
1097 1463 1151 1539 ipsi
1174 1480 1353 1539 usurpemus
1375 1480 1410 1522 ac
1424 1461 1461 1521 ab
1478 1448 1574 1521 inlitis
1589 1463 1762 1539 eripiamus.

461 1584 629 1645 qumquam
652 1566 771 1623 omnino
798 1564 947 1623 modicum
977 1570 1021 1623 est
1049 1562 1127 1641 epmd
1156 1564 1227 1624 mihi
1249 1564 1394 1633 desumo,
1427 1570 1460 1622 ut
1487 1581 1522 1623 cx
1548 1563 1628 1623 iusto
1658 1562 1764 1624 dolore

463 1667 582 1745 aliquod
605 1665 714 1726 doloris
736 1667 852 1741 signum
877 1665 977 1734 edam,
1001 1671 1034 1724 nt
1056 1683 1243 1726 communem
1265 1665 1367 1744 patriar
1388 1663 1579 1724 acerbitatem
1601 1683 1662 1724 una
1690 1683 1765 1725 soce

405 1778 494 1831 §.aet
522 1768 653 1828 modesta
681 1766 729 1827 illa
759 1786 793 1826 ac
820 1769 947 1845 ingenua
974 1767 1144 1844 significem.
1189 1766 1249 1826 lam
1272 1767 1494 1844 boequantum
1517 1766 1664 1843 estquod
1694 1785 1765 1826 cum

463 1871 588 1930 Maximo
604 1869 702 1928 Leone
724 1868 795 1927 milri
818 1869 968 1937 convenit,
991 1866 1125 1945 qnod'nt
1147 1867 1194 1928 ille
1217 1868 1328 1929 ancas
1350 1866 1427 1927 bello
1450 1867 1593 1945 petendos
1614 1886 1651 1928 ac
1671 1866 1798 1928 rebusu

464 1972 635 2032 Christianis
657 1970 806 2047 suppetias
828 1968 964 2029 ferendas
987 1968 1114 2028 suadeo?
1137 1969 1216 2030 Beue
1239 1969 1342 2039 babet,
1365 1968 1490 2029 liberum
1513 1968 1584 2028 mibi
1607 1975 1654 2029 est
1669 1967 1763 2047 loqui,

464 2072 591 2134 liberum
614 2072 702 2133 edere
724 2070 768 2132 vel
792 2078 871 2130 tanto
893 2079 1018 2148 patrono
1042 2089 1175 2130 caussam
1190 2079 1299 2131 tuente.
1338 2069 1525 2149 Quapropter
1540 2070 1762 2131 confidendum.

395 2175 522 2251 §novos
544 2174 651 2253 quibus
672 2175 774 2251 patrie
796 2171 937 2233 libertatis
960 2191 1030 2234 eitra
1054 2180 1110 2241 est,
1134 2174 1184 2251 qui
1200 2173 1379 2233 Germanum
1402 2157 1496 2233 (locus
1514 2174 1688 2250 agrioscitiS,
1712 2175 1765 2252 qui

464 2279 596 2339 nondum
619 2279 715 2337 omnia
738 2277 937 2352 superstitioni
960 2275 1101 2343 tribuitis,
1131 2272 1233 2351 legite,
1257 2274 1379 2353 relegite
1401 2294 1436 2334 ac
1458 2273 1562 2334 similia
1585 2274 1712 2344 audete,
1736 2280 1765 2333 et

464 2380 572 2440 l'alete.
618 2380 647 2438 in
670 2397 738 2437 arco
760 2376 924 2437 llutteniea.
1496 2402 1504 2415 ·
1774 2391 1797 2430 rs

484 2881 664 2917 ROTENBVRGI
681 2880 718 2915 Au
736 2878 877 2916 DVBERAH·
920 2831 927 2842 α
1050 2846 1169 2923 GVH·
1536 2876 1571 2917 28·
1585 2883 1668 2917 PEBB.
1685 2876 1747 2919 1519.

1523 2936 1765 2947 ---.

712 3020 995 3078 ClllllSTlltlllSSlllO
1017 3022 1218 3078 Futncuutul
1240 3021 1316 3078 REGl
1337 3021 1517 3079 l'lleClSllO

695 3119 877 3181 vlulffllvs
910 3118 959 3178 DE
992 3119 1144 3180 llvTTEN
1177 3119 1296 3190 nolus
1330 3121 1531 3181 cunualdus

900 3224 1048 3265 sanvrnn
1070 3226 1112 3265 ar
1135 3225 1328 3274 onsnovm‘n.

413 3367 459 3421 §.t
555 3343 615 3403 Etsi
639 3343 715 3423 (epeia
737 3340 825 3417 longe
847 3339 901 3400 alia
925 3347 968 3399 est
996 3341 1073 3418 apud
1104 3360 1207 3400 omnes
1233 3341 1347 3402 virtutis
1375 3349 1432 3402 tum
1461 3342 1573 3422 opinio,
1602 3361 1654 3403 rex
1680 3342 1801 3405 Chri-eo

467 3445 656 3513 stianissimo,
686 3461 774 3522 qtranr
803 3448 835 3502 ut
863 3440 928 3501 talis
956 3425 1053 3521 aliona
1079 3445 1108 3503 in'
1131 3449 1159 3502 te
1182 3444 1310 3521 suspicio
1333 3448 1484 3523 congruat)
1507 3443 1637 3504 nondum
1661 3446 1767 3506 crede·

467 3546 535 3606 bam
558 3547 643 3605 lamae
665 3546 761 3605 omnia
784 3534 895 3604 temere
918 3542 1094 3621 divulganti,
1125 3551 1222 3604 tamen
1245 3565 1310 3624 qiam
1333 3563 1396 3607 mea
1421 3552 1464 3605 est
1495 3564 1562 3623 erga
1585 3552 1615 3606 te
1638 3546 1766 3616 allectio,

467 3668 502 3708 ex
526 3655 575 3708 tua
598 3654 661 3707 orta
684 3646 898 3725 magnitudine,
923 3646 1164 3706 committendum
1186 3664 1245 3705 non
1268 3648 1378 3724 pedari,
1402 3653 1435 3706 ut
1457 3648 1550 3726 sieprid
1568 3639 1767 3709 vel'rumoris

467 3730 620 3810 bominum
644 3757 735 3818 esset,
760 3748 838 3828 (pund
862 3747 1104 3808 existimationem
1128 3755 1207 3808 tuam
1231 3765 1354 3825 gravaro
1375 3755 1488 3826 posset,
1513 3749 1574 3809 eius
1589 3755 1619 3809 to
1634 3768 1696 3809 non
1711 3751 1767 3809 im·

413 3878 458 3928 §.t
468 3852 571 3928 primis
593 3867 821 3910 commonerem.
867 3848 939 3909 Nam
963 3857 1083 3926 elego,
1115 3869 1181 3909 eum
1205 3849 1336 3910 dicerent
1359 3868 1461 3910 errones
1490 3869 1570 3910 arma
1599 3857 1628 3911 te
1659 3858 1800 3912 contram

467 3944 662 4012 maximorum
681 3950 836 4044 scelernm
866 3949 977 4010 ultores
999 3952 1164 4029 suscipere,
1193 3951 1290 4009 arrimo
1313 3951 1423 4028 liariter
1446 3959 1475 4011 et
1496 3951 1767 4031 liugna'repugna·

467 4053 545 4113 bam.
590 4054 723 4131 prolecto
752 4070 816 4110 <earu
848 4070 911 4111 esse
942 4052 1029 4112 anirni
1058 4053 1100 4112 tui
1130 4052 1331 4112 fortitudinem
1354 4054 1425 4113 mibi
1448 4072 1670 4131 persuaseram,
1701 4074 1768 4134 quae

468 4156 552 4235 istam
579 4155 698 4214 minime
729 4154 819 4213 lerret
842 4154 1093 4213 coniunctionem:
1128 4154 1204 4232 qnod
1233 4155 1374 4231 imparius
1403 4156 1479 4239 onim
1510 4155 1604 4216 lmtlus
1633 4174 1768 4234 unquam

468 4256 536 4314 coiit
558 4274 646 4335 qnam
668 4255 744 4314 inter
766 4272 867 4331 regem
890 4256 995 4314 virtute
1017 4274 1052 4314 ac
1074 4273 1183 4332 gerrone
1205 4256 1332 4317 nobilem
1357 4265 1385 4316 et
1407 4263 1563 4335 tyranuum
1585 4256 1768 4318 dedecorum

470 4443 554 4493 evn.
574 4443 601 4491 n
617 4460 652 4486 =
669 4442 788 4491 Hutteni
807 4456 917 4504 manus,
938 4440 1046 4507 ‹ae-qua
1065 4444 1102 4493 er.
1117 4444 1197 4493 infer.
1212 4410 1304 4493 aanor.
1381 4440 1393 4491 1
1411 4461 1446 4486 =
1463 4443 1551 4493 snare.
1565 4443 1632 4493 brer.
1646 4442 1768 4494 xxrm.

471 4526 494 4576 1.
508 4526 533 4580 l'.
586 4527 653 4575 2:
664 4526 835 4592 Wegensoil.
849 4526 888 4576 n⁰.
903 4542 980 4576 xxrx.
994 4544 1020 4591 p.
1037 4526 1174 4580 tuo...1oo.
1228 4527 1290 4579 3:
1301 4529 1379 4577 Hutt.
1394 4528 1505 4578 Miineh.
1518 4529 1569 4577 111.
1583 4544 1609 4594 p.
1624 4527 1768 4579 128...134.

537 4680 548 4712 ⁶
567 4680 668 4745 aliquis
683 4684 708 4730 3.
762 4680 773 4712 ⁸
791 4680 896 4745 aliquid
915 4684 940 4731 2.
950 4684 975 4730 3.
1030 4678 1051 4711 ¹⁵
1068 4681 1251 4730 mmxvnr.
1271 4683 1332 4731 add.
1352 4684 1377 4731 2.
1388 4684 1413 4731 3.
1430 4682 1508 4744 soleo.

537 4764 560 4797 ²⁰
578 4765 721 4817 Eoeordr'um
733 4769 770 4815 stc
787 4769 921 4815 censendum
941 4769 967 4816 3.
988 4765 1054 4829 (nam
1073 4765 1104 4814 nb
1123 4771 1178 4829 tpno
1191 4768 1307 4816 llntleno
1326 4764 1486 4816 enrendntum'
1499 4768 1647 4831 exemplum,
1668 4767 1700 4817 de
1720 4783 1769 4833 queo

470 4848 605 4899 Murredius
621 4854 718 4900 rettulit
735 4866 763 4898 se
782 4866 811 4899 eo
830 4866 898 4899 uerene
910 4868 979 4909 esse,
995 4852 1099 4914 frustra
1116 4854 1141 4899 in
1155 4850 1212 4900 oret.
1226 4854 1292 4900 cinit.
1310 4851 1455 4901 Tamicensis
1467 4852 1581 4916 eqrridem
1594 4853 1706 4916 prinnini,
1727 4868 1770 4902 ne-

470 4950 517 4999 que
536 4950 553 4983 a
569 4934 627 4984 bibl.
637 4938 772 4998 praefectis
789 4937 821 4983 de
836 4937 901 4997 sotis
918 4942 972 4986 euro
989 4939 1101 5000 exempli
1118 4938 1247 5000 quiequam
1265 4936 1388 5001 comperi)
1407 4940 1444 4985 tta
1455 4938 1614 5000 transposuit
1632 4936 1688 4985 ΙΙ..·
1707 4936 1770 4986 Etsi

469 5001 636 5068 nondum....
650 5020 807 5084 dinnlganti
825 5018 899 5082 (riom
918 5020 999 5085 longe
1020 5020 1077 5069 alia
1143 5020 1288 5086 congruat)
1308 5025 1401 5070 tamen
1421 5036 1481 5084 quise
1501 5036 1563 5069 mea
1581 5025 1630 5069 etc.
1685 5018 1704 5051 ²¹
1726 5035 1769 5071 su·

423 5124 429 5135 ·
470 5104 560 5169 spicio
579 5104 607 5153 in
626 5110 654 5154 te
667 5107 693 5154 2.
