<?xml version="1.0" encoding="UTF-8"?>
<!DOCTYPE html PUBLIC "-//W3C//DTD XHTML 1.0 Transitional//EN"
    "http://www.w3.org/TR/xhtml1/DTD/xhtml1-transitional.dtd">
<html xmlns="http://www.w3.org/1999/xhtml" xml:lang="en" lang="en">
 <head>
  <title>
</title>
<meta http-equiv="Content-Type" content="text/html;charset=utf-8" />
  <meta name='ocr-system' content='tesseract 3.04.00' />
  <meta name='ocr-capabilities' content='ocr_page ocr_carea ocr_par ocr_line ocrx_word'/>
</head>
<body>
  <div class='ocr_page' id='page_1' title='image "./ulrichihuttenie03huttgoog_0246.png"; bbox 0 0 4067 6209; ppageno 0'>
   <div class='ocr_carea' id='block_1_1' title="bbox 347 761 1539 837">
    <p class='ocr_par' dir='ltr' id='par_1_1' title="bbox 347 761 1539 837">
     <span class='ocr_line' id='line_1_1' title="bbox 347 761 1539 837; baseline -0.003 -4"><span class='ocrx_word' id='word_1_1' title='bbox 347 761 419 833; x_wconf 75' lang='lat'><em>116</em></span> <span class='ocrx_word' id='word_1_2' title='bbox 466 774 591 827; x_wconf 81' lang='lat' dir='ltr'>XXXVI.</span> <span class='ocrx_word' id='word_1_3' title='bbox 610 783 631 825; x_wconf 88' lang='lat' dir='ltr'><em>t.</em></span> <span class='ocrx_word' id='word_1_4' title='bbox 644 788 709 837; x_wconf 64' lang='grc' dir='ltr'><em>που,</em></span> <span class='ocrx_word' id='word_1_5' title='bbox 723 787 1118 827; x_wconf 72' lang='lat' dir='ltr'><em>nnss1uxse0ns1ottox1u1o.</em></span> <span class='ocrx_word' id='word_1_6' title='bbox 1133 790 1170 827; x_wconf 72' lang='lat' dir='ltr'><em>un</em></span> <span class='ocrx_word' id='word_1_7' title='bbox 1183 792 1306 829; x_wconf 71' lang='lat' dir='ltr'><em>nossent</em></span> <span class='ocrx_word' id='word_1_8' title='bbox 1320 793 1410 829; x_wconf 69' lang='lat' dir='ltr'><em>emsa.</em></span> <span class='ocrx_word' id='word_1_9' title='bbox 1425 792 1539 829; x_wconf 67' lang='lat' dir='ltr'><em>uentu.</em></span> 
     </span>
    </p>
   </div>
   <div class='ocr_carea' id='block_1_2' title="bbox 366 946 1408 4291">
    <p class='ocr_par' dir='ltr' id='par_1_2' title="bbox 366 946 1408 4291">
     <span class='ocr_line' id='line_1_2' title="bbox 496 946 1236 1023; baseline 0.007 -17"><span class='ocrx_word' id='word_1_10' title='bbox 496 947 542 1006; x_wconf 79' lang='lat' dir='ltr'><em>An</em></span> <span class='ocrx_word' id='word_1_11' title='bbox 561 962 668 1023; x_wconf 85' lang='lat' dir='ltr'><em>paoem</em></span> <span class='ocrx_word' id='word_1_12' title='bbox 689 949 772 1007; x_wconf 88' lang='lat' dir='ltr'><em>toties</em></span> <span class='ocrx_word' id='word_1_13' title='bbox 800 946 940 1007; x_wconf 82' lang='lat' dir='ltr'><em>Venetum</em></span> <span class='ocrx_word' id='word_1_14' title='bbox 956 950 1078 1023; x_wconf 89' lang='lat' dir='ltr'><em>petiisse</em></span> <span class='ocrx_word' id='word_1_15' title='bbox 1098 950 1236 1011; x_wconf 80' lang='lat' dir='ltr'><em>rebellem</em></span> 
     </span>
     <span class='ocr_line' id='line_1_3' title="bbox 569 1048 1245 1128; baseline 0.006 -21"><span class='ocrx_word' id='word_1_16' title='bbox 569 1048 682 1120; x_wconf 85' lang='lat' dir='ltr'><em>Nescis,</em></span> <span class='ocrx_word' id='word_1_17' title='bbox 704 1054 733 1108; x_wconf 92' lang='lat' dir='ltr'><em>et</em></span> <span class='ocrx_word' id='word_1_18' title='bbox 744 1050 864 1124; x_wconf 88' lang='lat' dir='ltr'><em>pondus</em></span> <span class='ocrx_word' id='word_1_19' title='bbox 883 1066 942 1109; x_wconf 89' lang='lat' dir='ltr'><em>non</em></span> <span class='ocrx_word' id='word_1_20' title='bbox 964 1048 1101 1111; x_wconf 86' lang='lat' dir='ltr'><em>bobut&#39;sse</em></span> <span class='ocrx_word' id='word_1_21' title='bbox 1113 1049 1245 1128; x_wconf 81' lang='lat' dir='ltr'><em>preces?</em></span> 
     </span>
     <span class='ocr_line' id='line_1_4' title="bbox 386 1149 1279 1235; baseline 0.007 -28"><span class='ocrx_word' id='word_1_22' title='bbox 386 1229 389 1235; x_wconf 8' lang='grc' dir='ltr'><strong>ἢ</strong></span> <span class='ocrx_word' id='word_1_23' title='bbox 450 1187 454 1195; x_wconf 91' lang='grc'>-</span> <span class='ocrx_word' id='word_1_24' title='bbox 498 1150 591 1221; x_wconf 75' lang='lat' dir='ltr'><em>(luam</em></span> <span class='ocrx_word' id='word_1_25' title='bbox 609 1149 674 1221; x_wconf 86' lang='lat' dir='ltr'><em>suit</em></span> <span class='ocrx_word' id='word_1_26' title='bbox 693 1153 846 1225; x_wconf 89' lang='lat' dir='ltr'><em>antiquam</em></span> <span class='ocrx_word' id='word_1_27' title='bbox 866 1153 960 1210; x_wconf 89' lang='lat' dir='ltr'><em>satius</em></span> <span class='ocrx_word' id='word_1_28' title='bbox 979 1155 1104 1213; x_wconf 78' lang='lat' dir='ltr'><em>coluisse</em></span> <span class='ocrx_word' id='word_1_29' title='bbox 1118 1154 1279 1229; x_wconf 76' lang='lat' dir='ltr'><em>paludem,</em></span> 
     </span>
     <span class='ocr_line' id='line_1_5' title="bbox 442 1251 1136 1326; baseline 0.006 -15"><span class='ocrx_word' id='word_1_30' title='bbox 442 1271 467 1311; x_wconf 81' lang='lat' dir='ltr'><em>u</em></span> <span class='ocrx_word' id='word_1_31' title='bbox 565 1252 666 1312; x_wconf 80' lang='lat' dir='ltr'><em>Italos</em></span> <span class='ocrx_word' id='word_1_32' title='bbox 686 1258 769 1311; x_wconf 90' lang='lat' dir='ltr'><em>terro</em></span> <span class='ocrx_word' id='word_1_33' title='bbox 790 1269 880 1326; x_wconf 90' lang='lat' dir='ltr'><em>quam</em></span> <span class='ocrx_word' id='word_1_34' title='bbox 897 1256 1027 1313; x_wconf 88' lang='lat' dir='ltr'><em>tolerare</em></span> <span class='ocrx_word' id='word_1_35' title='bbox 1042 1251 1136 1315; x_wconf 80' lang='lat' dir='ltr'><em>deos?</em></span> 
     </span>
     <span class='ocr_line' id='line_1_6' title="bbox 496 1354 1287 1434; baseline 0.005 -21"><span class='ocrx_word' id='word_1_36' title='bbox 496 1354 604 1431; x_wconf 88' lang='lat' dir='ltr'><em>Aspice</em></span> <span class='ocrx_word' id='word_1_37' title='bbox 623 1361 652 1413; x_wconf 90' lang='lat' dir='ltr'><em>el</em></span> <span class='ocrx_word' id='word_1_38' title='bbox 672 1356 739 1431; x_wconf 89' lang='lat' dir='ltr'><em>ipsa</em></span> <span class='ocrx_word' id='word_1_39' title='bbox 761 1360 825 1413; x_wconf 87' lang='lat' dir='ltr'><em>tuos</em></span> <span class='ocrx_word' id='word_1_40' title='bbox 842 1361 870 1415; x_wconf 90' lang='lat' dir='ltr'><em>te</em></span> <span class='ocrx_word' id='word_1_41' title='bbox 890 1360 1093 1434; x_wconf 87' lang='lat' dir='ltr'><em>contemplare</em></span> <span class='ocrx_word' id='word_1_42' title='bbox 1108 1374 1168 1433; x_wconf 86' lang='lat' dir='ltr'><em>per</em></span> <span class='ocrx_word' id='word_1_43' title='bbox 1188 1364 1287 1431; x_wconf 88' lang='lat' dir='ltr'><em>artus,</em></span> 
     </span>
     <span class='ocr_line' id='line_1_7' title="bbox 558 1440 1321 1542; baseline 0.007 -27"><span class='ocrx_word' id='word_1_44' title='bbox 558 1456 634 1542; x_wconf 62' lang='lat' dir='ltr'><em>¹Non</em></span> <span class='ocrx_word' id='word_1_45' title='bbox 655 1458 775 1517; x_wconf 79' lang='lat' dir='ltr'><em>maala</em></span> <span class='ocrx_word' id='word_1_46' title='bbox 796 1464 840 1516; x_wconf 91' lang='lat' dir='ltr'><em>est</em></span> <span class='ocrx_word' id='word_1_47' title='bbox 868 1440 970 1517; x_wconf 73' lang='lat' dir='ltr'><em>Veneti</em></span> <span class='ocrx_word' id='word_1_48' title='bbox 990 1462 1228 1533; x_wconf 72' lang='lat' dir='ltr'><em>sanquinismna</em></span> <span class='ocrx_word' id='word_1_49' title='bbox 1248 1440 1321 1529; x_wconf 72' lang='lat' dir='ltr'><em>tibi,-</em></span> 
     </span>
     <span class='ocr_line' id='line_1_8' title="bbox 495 1558 1272 1634; baseline 0.005 -16"><span class='ocrx_word' id='word_1_50' title='bbox 495 1558 556 1618; x_wconf 89' lang='lat' dir='ltr'><em>Illa</em></span> <span class='ocrx_word' id='word_1_51' title='bbox 577 1561 696 1633; x_wconf 90' lang='lat' dir='ltr'><em>quidem</em></span> <span class='ocrx_word' id='word_1_52' title='bbox 713 1561 822 1619; x_wconf 78' lang='lat' dir='ltr'><em>nostres</em></span> <span class='ocrx_word' id='word_1_53' title='bbox 842 1577 995 1634; x_wconf 78' lang='lat' dir='ltr'><em>autequam</em></span> <span class='ocrx_word' id='word_1_54' title='bbox 1014 1559 1158 1633; x_wconf 77' lang='lat' dir='ltr'><em>foeliciter</em></span> <span class='ocrx_word' id='word_1_55' title='bbox 1178 1564 1272 1622; x_wconf 88' lang='lat' dir='ltr'><em>armis</em></span> 
     </span>
     <span class='ocr_line' id='line_1_9' title="bbox 366 1661 1236 1744; baseline 0.006 -28"><span class='ocrx_word' id='word_1_56' title='bbox 366 1735 368 1740; x_wconf 68' lang='lat'>,</span> <span class='ocrx_word' id='word_1_57' title='bbox 443 1676 468 1716; x_wconf 78' lang='lat' dir='ltr'><em>so</em></span> <span class='ocrx_word' id='word_1_58' title='bbox 567 1661 695 1734; x_wconf 73' lang='lat' dir='ltr'><em>Restitit,</em></span> <span class='ocrx_word' id='word_1_59' title='bbox 718 1665 749 1719; x_wconf 85' lang='lat' dir='ltr'><em>in</em></span> <span class='ocrx_word' id='word_1_60' title='bbox 763 1664 868 1744; x_wconf 78' lang='lat' dir='ltr'><em>patrio</em></span> <span class='ocrx_word' id='word_1_61' title='bbox 885 1678 960 1735; x_wconf 80' lang='lat' dir='ltr'><em>qens</em></span> <span class='ocrx_word' id='word_1_62' title='bbox 982 1664 1117 1722; x_wconf 84' lang='lat' dir='ltr'><em>animosa</em></span> <span class='ocrx_word' id='word_1_63' title='bbox 1139 1666 1236 1732; x_wconf 91' lang='lat' dir='ltr'><em>mari,·</em></span> 
     </span>
     <span class='ocr_line' id='line_1_10' title="bbox 495 1763 1261 1837; baseline 0.003 -17"><span class='ocrx_word' id='word_1_64' title='bbox 495 1763 620 1822; x_wconf 87' lang='lat' dir='ltr'><em>Perdita</em></span> <span class='ocrx_word' id='word_1_65' title='bbox 643 1764 731 1837; x_wconf 71' lang='lat' dir='ltr'><em>deflet</em></span> <span class='ocrx_word' id='word_1_66' title='bbox 747 1763 849 1823; x_wconf 84' lang='lat' dir='ltr'><em>adbuc</em></span> <span class='ocrx_word' id='word_1_67' title='bbox 867 1766 974 1823; x_wconf 86' lang='lat' dir='ltr'><em>amisso</em></span> <span class='ocrx_word' id='word_1_68' title='bbox 995 1772 1098 1824; x_wconf 86' lang='lat' dir='ltr'><em>eastra</em></span> <span class='ocrx_word' id='word_1_69' title='bbox 1120 1764 1261 1836; x_wconf 80' lang='lat' dir='ltr'><em>Roberto,</em></span> 
     </span>
     <span class='ocr_line' id='line_1_11' title="bbox 567 1866 1339 1940; baseline 0 -16"><span class='ocrx_word' id='word_1_70' title='bbox 567 1866 721 1940; x_wconf 83' lang='lat' dir='ltr'><em>Pluraque</em></span> <span class='ocrx_word' id='word_1_71' title='bbox 741 1867 773 1923; x_wconf 89' lang='lat' dir='ltr'><em>in</em></span> <span class='ocrx_word' id='word_1_72' title='bbox 787 1866 948 1924; x_wconf 79' lang='lat' dir='ltr'><em>Austriaea</em></span> <span class='ocrx_word' id='word_1_73' title='bbox 971 1869 1060 1940; x_wconf 84' lang='lat' dir='ltr'><em>siqua</em></span> <span class='ocrx_word' id='word_1_74' title='bbox 1082 1867 1212 1926; x_wconf 86' lang='lat' dir='ltr'><em>videnda</em></span> <span class='ocrx_word' id='word_1_75' title='bbox 1234 1866 1339 1924; x_wconf 83' lang='lat' dir='ltr'><em>domo.-</em></span> 
     </span>
     <span class='ocr_line' id='line_1_12' title="bbox 496 1965 1323 2043; baseline 0 -17"><span class='ocrx_word' id='word_1_76' title='bbox 496 1966 624 2041; x_wconf 81' lang='lat' dir='ltr'><em>Respice</em></span> <span class='ocrx_word' id='word_1_77' title='bbox 643 1975 728 2041; x_wconf 90' lang='lat' dir='ltr'><em>teque</em></span> <span class='ocrx_word' id='word_1_78' title='bbox 748 1974 830 2026; x_wconf 89' lang='lat' dir='ltr'><em>retro</em></span> <span class='ocrx_word' id='word_1_79' title='bbox 849 1965 892 2025; x_wconf 93' lang='lat' dir='ltr'><em>bis</em></span> <span class='ocrx_word' id='word_1_80' title='bbox 913 1970 1011 2041; x_wconf 88' lang='lat' dir='ltr'><em>quinis</em></span> <span class='ocrx_word' id='word_1_81' title='bbox 1032 1970 1138 2043; x_wconf 83' lang='lat' dir='ltr'><em>colliqe</em></span> <span class='ocrx_word' id='word_1_82' title='bbox 1160 1968 1199 2027; x_wconf 96' lang='lat' dir='ltr'><em>ab</em></span> <span class='ocrx_word' id='word_1_83' title='bbox 1221 1971 1323 2042; x_wconf 87' lang='lat' dir='ltr'><em>annis,</em></span> 
     </span>
     <span class='ocr_line' id='line_1_13' title="bbox 442 2067 1266 2141; baseline 0.001 -14"><span class='ocrx_word' id='word_1_84' title='bbox 442 2089 467 2128; x_wconf 80' lang='lat' dir='ltr'><em>st</em></span> <span class='ocrx_word' id='word_1_85' title='bbox 565 2069 701 2128; x_wconf 81' lang='lat' dir='ltr'><em>Invenies</em></span> <span class='ocrx_word' id='word_1_86' title='bbox 719 2069 855 2141; x_wconf 82' lang='lat' dir='ltr'><em>faustum</em></span> <span class='ocrx_word' id='word_1_87' title='bbox 879 2067 959 2127; x_wconf 85' lang='lat' dir='ltr'><em>bano</em></span> <span class='ocrx_word' id='word_1_88' title='bbox 980 2072 1162 2129; x_wconf 83' lang='lat' dir='ltr'><em>constituisse</em></span> <span class='ocrx_word' id='word_1_89' title='bbox 1182 2072 1266 2129; x_wconf 84' lang='lat' dir='ltr'><em>nibil.</em></span> 
     </span>
     <span class='ocr_line' id='line_1_14' title="bbox 497 2170 1181 2244; baseline 0.003 -16"><span class='ocrx_word' id='word_1_90' title='bbox 497 2170 618 2244; x_wconf 81' lang='lat' dir='ltr'><em>Eniquo</em></span> <span class='ocrx_word' id='word_1_91' title='bbox 636 2173 747 2244; x_wconf 89' lang='lat' dir='ltr'><em>quoties</em></span> <span class='ocrx_word' id='word_1_92' title='bbox 767 2186 941 2229; x_wconf 88' lang='lat' dir='ltr'><em>numerosos</em></span> <span class='ocrx_word' id='word_1_93' title='bbox 958 2174 1049 2231; x_wconf 86' lang='lat' dir='ltr'><em>milite</em></span> <span class='ocrx_word' id='word_1_94' title='bbox 1067 2180 1181 2231; x_wconf 85' lang='lat' dir='ltr'><em>turmas</em></span> 
     </span>
     <span class='ocr_line' id='line_1_15' title="bbox 569 2269 1290 2347; baseline 0.003 -17"><span class='ocrx_word' id='word_1_95' title='bbox 569 2273 715 2331; x_wconf 83' lang='lat' dir='ltr'><em>Fudimus</em></span> <span class='ocrx_word' id='word_1_96' title='bbox 735 2279 764 2332; x_wconf 90' lang='lat' dir='ltr'><em>et</em></span> <span class='ocrx_word' id='word_1_97' title='bbox 778 2288 880 2347; x_wconf 87' lang='lat' dir='ltr'><em>parra</em></span> <span class='ocrx_word' id='word_1_98' title='bbox 899 2275 1034 2332; x_wconf 81' lang='lat' dir='ltr'><em>maxima</em></span> <span class='ocrx_word' id='word_1_99' title='bbox 1054 2281 1156 2334; x_wconf 88' lang='lat' dir='ltr'><em>eastra</em></span> <span class='ocrx_word' id='word_1_100' title='bbox 1175 2269 1290 2332; x_wconf 81' lang='lat' dir='ltr'><em>manu?</em></span> 
     </span>
     <span class='ocr_line' id='line_1_16' title="bbox 497 2373 1277 2451; baseline 0.001 -19"><span class='ocrx_word' id='word_1_101' title='bbox 497 2373 561 2433; x_wconf 82' lang='lat' dir='ltr'><em>Scit</em></span> <span class='ocrx_word' id='word_1_102' title='bbox 578 2373 681 2432; x_wconf 88' lang='lat' dir='ltr'><em>Padus</em></span> <span class='ocrx_word' id='word_1_103' title='bbox 703 2380 732 2432; x_wconf 89' lang='lat' dir='ltr'><em>et</em></span> <span class='ocrx_word' id='word_1_104' title='bbox 749 2377 877 2449; x_wconf 79' lang='lat' dir='ltr'><em>propior</em></span> <span class='ocrx_word' id='word_1_105' title='bbox 896 2374 1029 2434; x_wconf 68' lang='lat' dir='ltr'><em>eduntote</em></span> <span class='ocrx_word' id='word_1_106' title='bbox 1049 2376 1190 2451; x_wconf 82' lang='lat' dir='ltr'><em>qucius</em></span> <span class='ocrx_word' id='word_1_107' title='bbox 1208 2376 1277 2435; x_wconf 88' lang='lat' dir='ltr'><em>urbi</em></span> 
     </span>
     <span class='ocr_line' id='line_1_17' title="bbox 444 2476 1201 2551; baseline 0.004 -17"><span class='ocrx_word' id='word_1_108' title='bbox 444 2495 469 2534; x_wconf 78' lang='lat' dir='ltr'><em>es</em></span> <span class='ocrx_word' id='word_1_109' title='bbox 569 2476 663 2549; x_wconf 83' lang='lat' dir='ltr'><em>Atque</em></span> <span class='ocrx_word' id='word_1_110' title='bbox 683 2476 845 2535; x_wconf 78' lang='lat' dir='ltr'><em>Antenorei</em></span> <span class='ocrx_word' id='word_1_111' title='bbox 865 2483 941 2535; x_wconf 85' lang='lat' dir='ltr'><em>tecta</em></span> <span class='ocrx_word' id='word_1_112' title='bbox 962 2479 1093 2551; x_wconf 82' lang='lat' dir='ltr'><em>strperba</em></span> <span class='ocrx_word' id='word_1_113' title='bbox 1111 2481 1201 2550; x_wconf 90' lang='lat' dir='ltr'><em>laris,</em></span> 
     </span>
     <span class='ocr_line' id='line_1_18' title="bbox 503 2576 1329 2655; baseline 0.001 -19"><span class='ocrx_word' id='word_1_114' title='bbox 503 2576 594 2636; x_wconf 82' lang='lat' dir='ltr'><em>Testis</em></span> <span class='ocrx_word' id='word_1_115' title='bbox 612 2584 642 2636; x_wconf 92' lang='lat' dir='ltr'><em>et</em></span> <span class='ocrx_word' id='word_1_116' title='bbox 658 2593 805 2651; x_wconf 82' lang='lat' dir='ltr'><em>oequoreee</em></span> <span class='ocrx_word' id='word_1_117' title='bbox 825 2578 929 2637; x_wconf 88' lang='lat' dir='ltr'><em>clades</em></span> <span class='ocrx_word' id='word_1_118' title='bbox 949 2580 1140 2655; x_wconf 82' lang='lat' dir='ltr'><em>larbrqmosa</em></span> <span class='ocrx_word' id='word_1_119' title='bbox 1162 2578 1329 2638; x_wconf 78' lang='lat' dir='ltr'><em>Rauenna:</em></span> 
     </span>
     <span class='ocr_line' id='line_1_19' title="bbox 569 2678 1259 2754; baseline 0.004 -17"><span class='ocrx_word' id='word_1_120' title='bbox 569 2678 636 2737; x_wconf 83' lang='lat' dir='ltr'><em>Heu</em></span> <span class='ocrx_word' id='word_1_121' title='bbox 657 2681 743 2739; x_wconf 90' lang='lat' dir='ltr'><em>tellus</em></span> <span class='ocrx_word' id='word_1_122' title='bbox 762 2687 905 2754; x_wconf 90' lang='lat' dir='ltr'><em>quantam</em></span> <span class='ocrx_word' id='word_1_123' title='bbox 923 2682 1079 2753; x_wconf 82' lang='lat' dir='ltr'><em>sanquim‘s</em></span> <span class='ocrx_word' id='word_1_124' title='bbox 1099 2684 1152 2741; x_wconf 90' lang='lat' dir='ltr'><em>illa</em></span> <span class='ocrx_word' id='word_1_125' title='bbox 1173 2681 1259 2741; x_wconf 84' lang='lat' dir='ltr'><em>bibit:</em></span> 
     </span>
     <span class='ocr_line' id='line_1_20' title="bbox 498 2780 1253 2859; baseline 0.003 -18"><span class='ocrx_word' id='word_1_126' title='bbox 498 2780 561 2841; x_wconf 80' lang='lat' dir='ltr'><em>Scit</em></span> <span class='ocrx_word' id='word_1_127' title='bbox 590 2782 707 2841; x_wconf 81' lang='lat' dir='ltr'><em>Verona</em></span> <span class='ocrx_word' id='word_1_128' title='bbox 728 2785 790 2841; x_wconf 88' lang='lat' dir='ltr'><em>suis</em></span> <span class='ocrx_word' id='word_1_129' title='bbox 804 2799 866 2859; x_wconf 88' lang='lat' dir='ltr'><em>per</em></span> <span class='ocrx_word' id='word_1_130' title='bbox 887 2800 941 2842; x_wconf 92' lang='lat' dir='ltr'><em>nos</em></span> <span class='ocrx_word' id='word_1_131' title='bbox 961 2785 1123 2842; x_wconf 87' lang='lat' dir='ltr'><em>animosior</em></span> <span class='ocrx_word' id='word_1_132' title='bbox 1145 2786 1253 2857; x_wconf 88' lang='lat' dir='ltr'><em>armis,</em></span> 
     </span>
     <span class='ocr_line' id='line_1_21' title="bbox 442 2882 1202 2959; baseline 0.005 -19"><span class='ocrx_word' id='word_1_133' title='bbox 442 2900 468 2940; x_wconf 78' lang='lat' dir='ltr'><em>se</em></span> <span class='ocrx_word' id='word_1_134' title='bbox 568 2882 630 2942; x_wconf 87' lang='lat' dir='ltr'><em>Nee</em></span> <span class='ocrx_word' id='word_1_135' title='bbox 651 2886 733 2943; x_wconf 87' lang='lat' dir='ltr'><em>toties</em></span> <span class='ocrx_word' id='word_1_136' title='bbox 752 2886 831 2944; x_wconf 83' lang='lat' dir='ltr'><em>rinei</em></span> <span class='ocrx_word' id='word_1_137' title='bbox 852 2884 966 2944; x_wconf 76' lang='lat' dir='ltr'><em>Brixia</em></span> <span class='ocrx_word' id='word_1_138' title='bbox 989 2884 1076 2944; x_wconf 87' lang='lat' dir='ltr'><em>docta</em></span> <span class='ocrx_word' id='word_1_139' title='bbox 1099 2892 1202 2959; x_wconf 75' lang='lat' dir='ltr'><em>nepot,</em></span> 
     </span>
     <span class='ocr_line' id='line_1_22' title="bbox 498 2984 1408 3064; baseline 0.003 -22"><span class='ocrx_word' id='word_1_140' title='bbox 498 2984 612 3043; x_wconf 79' lang='lat' dir='ltr'><em>Moenia</em></span> <span class='ocrx_word' id='word_1_141' title='bbox 634 3002 689 3045; x_wconf 88' lang='lat' dir='ltr'><em>nec</em></span> <span class='ocrx_word' id='word_1_142' title='bbox 708 2988 825 3046; x_wconf 79' lang='lat' dir='ltr'><em>misera</em></span> <span class='ocrx_word' id='word_1_143' title='bbox 846 2987 1009 3061; x_wconf 89' lang='lat' dir='ltr'><em>quandam,</em></span> <span class='ocrx_word' id='word_1_144' title='bbox 1030 3003 1111 3047; x_wconf 80' lang='lat' dir='ltr'><em>rsurta</em></span> <span class='ocrx_word' id='word_1_145' title='bbox 1130 2997 1220 3064; x_wconf 87' lang='lat' dir='ltr'><em>capta</em></span> <span class='ocrx_word' id='word_1_146' title='bbox 1244 2987 1408 3059; x_wconf 85' lang='lat' dir='ltr'><em>Cremona,</em></span> 
     </span>
     <span class='ocr_line' id='line_1_23' title="bbox 571 3086 1214 3164; baseline 0.008 -19"><span class='ocrx_word' id='word_1_147' title='bbox 571 3086 633 3146; x_wconf 84' lang='lat' dir='ltr'><em>Nee</em></span> <span class='ocrx_word' id='word_1_148' title='bbox 662 3088 830 3148; x_wconf 83' lang='lat' dir='ltr'><em>Visentinus</em></span> <span class='ocrx_word' id='word_1_149' title='bbox 852 3106 907 3149; x_wconf 88' lang='lat' dir='ltr'><em>neo</em></span> <span class='ocrx_word' id='word_1_150' title='bbox 924 3090 1101 3149; x_wconf 84' lang='lat' dir='ltr'><em>Mutinensis</em></span> <span class='ocrx_word' id='word_1_151' title='bbox 1120 3106 1214 3164; x_wconf 78' lang='lat' dir='ltr'><em>aper:</em></span> 
     </span>
     <span class='ocr_line' id='line_1_24' title="bbox 498 3188 1206 3267; baseline 0.004 -20"><span class='ocrx_word' id='word_1_152' title='bbox 498 3188 573 3263; x_wconf 91' lang='lat' dir='ltr'><em>Ipsa</em></span> <span class='ocrx_word' id='word_1_153' title='bbox 587 3191 730 3264; x_wconf 82' lang='lat' dir='ltr'><em>paludosi</em></span> <span class='ocrx_word' id='word_1_154' title='bbox 750 3191 937 3250; x_wconf 79' lang='lat' dir='ltr'><em>dominatrix</em></span> <span class='ocrx_word' id='word_1_155' title='bbox 953 3194 1034 3250; x_wconf 87' lang='lat' dir='ltr'><em>lenta</em></span> <span class='ocrx_word' id='word_1_156' title='bbox 1054 3190 1206 3267; x_wconf 75' lang='lat' dir='ltr'><em>profundi</em></span> 
     </span>
     <span class='ocr_line' id='line_1_25' title="bbox 445 3293 1241 3367; baseline 0.005 -18"><span class='ocrx_word' id='word_1_157' title='bbox 445 3310 470 3350; x_wconf 79' lang='lat' dir='ltr'><em>so</em></span> <span class='ocrx_word' id='word_1_158' title='bbox 570 3293 645 3350; x_wconf 78' lang='lat' dir='ltr'><em>Ante</em></span> <span class='ocrx_word' id='word_1_159' title='bbox 659 3309 736 3351; x_wconf 60' lang='lat' dir='ltr'><em>&#39;suas</em></span> <span class='ocrx_word' id='word_1_160' title='bbox 758 3294 830 3367; x_wconf 83' lang='lat' dir='ltr'><em>leqit</em></span> <span class='ocrx_word' id='word_1_161' title='bbox 843 3293 977 3365; x_wconf 74' lang='lat' dir='ltr'><em>[maana</em></span> <span class='ocrx_word' id='word_1_162' title='bbox 998 3300 1101 3353; x_wconf 88' lang='lat' dir='ltr'><em>nostra</em></span> <span class='ocrx_word' id='word_1_163' title='bbox 1122 3293 1241 3363; x_wconf 91' lang='lat' dir='ltr'><em>domus,·</em></span> 
     </span>
     <span class='ocr_line' id='line_1_26' title="bbox 498 3394 1238 3471; baseline 0.003 -18"><span class='ocrx_word' id='word_1_164' title='bbox 498 3394 636 3467; x_wconf 80' lang='lat' dir='ltr'><em>Liniqeri</em></span> <span class='ocrx_word' id='word_1_165' title='bbox 654 3395 750 3455; x_wconf 89' lang='lat' dir='ltr'><em>medio</em></span> <span class='ocrx_word' id='word_1_166' title='bbox 771 3395 963 3469; x_wconf 86' lang='lat' dir='ltr'><em>trepidarunt</em></span> <span class='ocrx_word' id='word_1_167' title='bbox 981 3411 1101 3471; x_wconf 87' lang='lat' dir='ltr'><em>oequore</em></span> <span class='ocrx_word' id='word_1_168' title='bbox 1121 3400 1238 3468; x_wconf 79' lang='lat' dir='ltr'><em>nauta,</em></span> 
     </span>
     <span class='ocr_line' id='line_1_27' title="bbox 570 3495 1225 3573; baseline 0.005 -20"><span class='ocrx_word' id='word_1_169' title='bbox 570 3495 749 3570; x_wconf 81' lang='lat' dir='ltr'><em>Linquentes</em></span> <span class='ocrx_word' id='word_1_170' title='bbox 767 3498 883 3573; x_wconf 86' lang='lat' dir='ltr'><em>pauido</em></span> <span class='ocrx_word' id='word_1_171' title='bbox 905 3500 983 3556; x_wconf 89' lang='lat' dir='ltr'><em>retia</em></span> <span class='ocrx_word' id='word_1_172' title='bbox 1004 3500 1093 3572; x_wconf 89' lang='lat' dir='ltr'><em>lapsa</em></span> <span class='ocrx_word' id='word_1_173' title='bbox 1115 3513 1225 3567; x_wconf 66' lang='lat' dir='ltr'><em>manu·</em></span> 
     </span>
     <span class='ocr_line' id='line_1_28' title="bbox 500 3598 1291 3675; baseline 0.001 -19"><span class='ocrx_word' id='word_1_174' title='bbox 500 3598 587 3659; x_wconf 84' lang='lat' dir='ltr'><em>Nune</em></span> <span class='ocrx_word' id='word_1_175' title='bbox 607 3607 675 3657; x_wconf 91' lang='lat' dir='ltr'><em>erat</em></span> <span class='ocrx_word' id='word_1_176' title='bbox 693 3599 834 3659; x_wconf 85' lang='lat' dir='ltr'><em>utendum</em></span> <span class='ocrx_word' id='word_1_177' title='bbox 853 3607 946 3675; x_wconf 88' lang='lat' dir='ltr'><em>parto</em></span> <span class='ocrx_word' id='word_1_178' title='bbox 968 3607 1008 3660; x_wconf 90' lang='lat' dir='ltr'><em>tot</em></span> <span class='ocrx_word' id='word_1_179' title='bbox 1026 3616 1104 3675; x_wconf 88' lang='lat' dir='ltr'><em>paee</em></span> <span class='ocrx_word' id='word_1_180' title='bbox 1117 3616 1178 3674; x_wconf 92' lang='lat' dir='ltr'><em>per</em></span> <span class='ocrx_word' id='word_1_181' title='bbox 1197 3614 1291 3659; x_wconf 88' lang='lat' dir='ltr'><em>annos</em></span> 
     </span>
     <span class='ocr_line' id='line_1_29' title="bbox 432 3700 1240 3778; baseline -0.001 -18"><span class='ocrx_word' id='word_1_182' title='bbox 432 3719 469 3760; x_wconf 80' lang='lat' dir='ltr'><em>too</em></span> <span class='ocrx_word' id='word_1_183' title='bbox 568 3700 735 3776; x_wconf 83' lang='lat' dir='ltr'><em>Nostraque</em></span> <span class='ocrx_word' id='word_1_184' title='bbox 752 3701 852 3775; x_wconf 84' lang='lat' dir='ltr'><em>soetiot&#39;</em></span> <span class='ocrx_word' id='word_1_185' title='bbox 871 3700 968 3761; x_wconf 83' lang='lat' dir='ltr'><em>Roma</em></span> <span class='ocrx_word' id='word_1_186' title='bbox 991 3702 1134 3761; x_wconf 88' lang='lat' dir='ltr'><em>adeunda</em></span> <span class='ocrx_word' id='word_1_187' title='bbox 1152 3702 1240 3778; x_wconf 88' lang='lat' dir='ltr'><em>pede.</em></span> 
     </span>
     <span class='ocr_line' id='line_1_30' title="bbox 500 3802 1241 3879; baseline 0.005 -20"><span class='ocrx_word' id='word_1_188' title='bbox 500 3802 580 3863; x_wconf 86' lang='lat' dir='ltr'><em>Ecce</em></span> <span class='ocrx_word' id='word_1_189' title='bbox 600 3805 680 3862; x_wconf 89' lang='lat' dir='ltr'><em>timet</em></span> <span class='ocrx_word' id='word_1_190' title='bbox 699 3820 791 3864; x_wconf 89' lang='lat' dir='ltr'><em>saera</em></span> <span class='ocrx_word' id='word_1_191' title='bbox 805 3807 922 3879; x_wconf 88' lang='lat' dir='ltr'><em>positus</em></span> <span class='ocrx_word' id='word_1_192' title='bbox 937 3805 1096 3878; x_wconf 81' lang='lat' dir='ltr'><em>Leoqallus</em></span> <span class='ocrx_word' id='word_1_193' title='bbox 1117 3807 1147 3864; x_wconf 89' lang='lat' dir='ltr'><em>in</em></span> <span class='ocrx_word' id='word_1_194' title='bbox 1168 3821 1241 3864; x_wconf 87' lang='lat' dir='ltr'><em>arce</em></span> 
     </span>
     <span class='ocr_line' id='line_1_31' title="bbox 571 3906 1254 3983; baseline 0 -19"><span class='ocrx_word' id='word_1_195' title='bbox 571 3906 650 3964; x_wconf 80' lang='lat' dir='ltr'><em>Fors</em></span> <span class='ocrx_word' id='word_1_196' title='bbox 670 3907 867 3980; x_wconf 74' lang='lat' dir='ltr'><em>Capitolinum</em></span> <span class='ocrx_word' id='word_1_197' title='bbox 887 3923 1013 3980; x_wconf 76' lang='lat' dir='ltr'><em>surpere</em></span> <span class='ocrx_word' id='word_1_198' title='bbox 1032 3922 1118 3982; x_wconf 91' lang='lat' dir='ltr'><em>posse</em></span> <span class='ocrx_word' id='word_1_199' title='bbox 1137 3907 1254 3983; x_wconf 87' lang='lat' dir='ltr'><em>Iouem,</em></span> 
     </span>
     <span class='ocr_line' id='line_1_32' title="bbox 502 4005 1320 4094; baseline 0.001 -30"><span class='ocrx_word' id='word_1_200' title='bbox 502 4005 581 4064; x_wconf 83' lang='lat' dir='ltr'><em>Eece</em></span> <span class='ocrx_word' id='word_1_201' title='bbox 602 4008 683 4065; x_wconf 88' lang='lat' dir='ltr'><em>timet</em></span> <span class='ocrx_word' id='word_1_202' title='bbox 705 4007 880 4082; x_wconf 89' lang='lat' dir='ltr'><em>Gallumque</em></span> <span class='ocrx_word' id='word_1_203' title='bbox 902 4015 987 4094; x_wconf 74' lang='lat' dir='ltr'><em>ttocat</em></span> <span class='ocrx_word' id='word_1_204' title='bbox 1007 4008 1179 4083; x_wconf 88' lang='lat' dir='ltr'><em>dubitatque</em></span> <span class='ocrx_word' id='word_1_205' title='bbox 1198 4023 1320 4067; x_wconf 71' lang='lat' dir='ltr'><em>manae</em></span> 
     </span>
     <span class='ocr_line' id='line_1_33' title="bbox 434 4105 1275 4185; baseline 0.002 -19"><span class='ocrx_word' id='word_1_206' title='bbox 434 4127 471 4167; x_wconf 75' lang='lat' dir='ltr'><em>tos</em></span> <span class='ocrx_word' id='word_1_207' title='bbox 570 4105 631 4165; x_wconf 89' lang='lat' dir='ltr'><em>Sub</em></span> <span class='ocrx_word' id='word_1_208' title='bbox 646 4108 763 4167; x_wconf 91' lang='lat' dir='ltr'><em>domino</em></span> <span class='ocrx_word' id='word_1_209' title='bbox 784 4108 910 4168; x_wconf 80' lang='lat' dir='ltr'><em>Romam</em></span> <span class='ocrx_word' id='word_1_210' title='bbox 933 4109 1052 4169; x_wconf 76' lang='lat' dir='ltr'><em>Cessare</em></span> <span class='ocrx_word' id='word_1_211' title='bbox 1071 4125 1158 4185; x_wconf 87' lang='lat' dir='ltr'><em>posse</em></span> <span class='ocrx_word' id='word_1_212' title='bbox 1179 4126 1275 4169; x_wconf 87' lang='lat' dir='ltr'><em>suom.</em></span> 
     </span>
     <span class='ocr_line' id='line_1_34' title="bbox 502 4208 1219 4291; baseline 0.007 -25"><span class='ocrx_word' id='word_1_213' title='bbox 502 4209 569 4267; x_wconf 88' lang='lat' dir='ltr'><em>Heu</em></span> <span class='ocrx_word' id='word_1_214' title='bbox 587 4208 660 4282; x_wconf 83' lang='lat' dir='ltr'><em>Leo,</em></span> <span class='ocrx_word' id='word_1_215' title='bbox 682 4212 806 4271; x_wconf 84' lang='lat' dir='ltr'><em>ooelestis</em></span> <span class='ocrx_word' id='word_1_216' title='bbox 827 4214 953 4272; x_wconf 85' lang='lat' dir='ltr'><em>collator</em></span> <span class='ocrx_word' id='word_1_217' title='bbox 968 4214 1096 4288; x_wconf 90' lang='lat' dir='ltr'><em>prooide</em></span> <span class='ocrx_word' id='word_1_218' title='bbox 1117 4214 1219 4291; x_wconf 83' lang='lat' dir='ltr'><em>requi,</em></span> 
     </span>
    </p>
   </div>
   <div class='ocr_carea' id='block_1_3' title="bbox 350 4512 1651 5178">
    <p class='ocr_par' dir='ltr' id='par_1_3' title="bbox 350 4512 1651 5178">
     <span class='ocr_line' id='line_1_35' title="bbox 419 4512 1648 4581; baseline 0 -16"><span class='ocrx_word' id='word_1_219' title='bbox 419 4515 441 4549; x_wconf 78' lang='lat'><em>⁷⁹</em></span> <span class='ocrx_word' id='word_1_220' title='bbox 460 4515 585 4565; x_wconf 79' lang='lat' dir='ltr'><em>feliciter</em></span> <span class='ocrx_word' id='word_1_221' title='bbox 597 4518 621 4563; x_wconf 80' lang='lat'><em>5.</em></span> <span class='ocrx_word' id='word_1_222' title='bbox 692 4514 712 4547; x_wconf 82' lang='lat'><em>⁸¹</em></span> <span class='ocrx_word' id='word_1_223' title='bbox 731 4512 812 4581; x_wconf 70' lang='lat' dir='ltr'><em>nou]</em></span> <span class='ocrx_word' id='word_1_224' title='bbox 831 4517 863 4565; x_wconf 89' lang='lat' dir='ltr'><em>de</em></span> <span class='ocrx_word' id='word_1_225' title='bbox 881 4516 988 4576; x_wconf 83' lang='lat' dir='ltr'><em>Marco,</em></span> <span class='ocrx_word' id='word_1_226' title='bbox 1020 4519 1083 4567; x_wconf 85' lang='lat' dir='ltr'><em>duee</em></span> <span class='ocrx_word' id='word_1_227' title='bbox 1100 4516 1270 4575; x_wconf 84' lang='lat' dir='ltr'><em>Bullioner&#39;tsi,</em></span> <span class='ocrx_word' id='word_1_228' title='bbox 1299 4514 1400 4566; x_wconf 84' lang='lat' dir='ltr'><em>Erardi</em></span> <span class='ocrx_word' id='word_1_229' title='bbox 1419 4515 1571 4564; x_wconf 83' lang='lat' dir='ltr'><em>Leodieasis</em></span> <span class='ocrx_word' id='word_1_230' title='bbox 1592 4516 1648 4580; x_wconf 84' lang='lat' dir='ltr'><em>epi·</em></span> 
     </span>
     <span class='ocr_line' id='line_1_36' title="bbox 350 4597 1647 4667; baseline -0.002 -14"><span class='ocrx_word' id='word_1_231' title='bbox 350 4605 424 4667; x_wconf 76' lang='lat' dir='ltr'><em>scopi</em></span> <span class='ocrx_word' id='word_1_232' title='bbox 437 4602 539 4665; x_wconf 70' lang='lat' dir='ltr'><em>fratre,</em></span> <span class='ocrx_word' id='word_1_233' title='bbox 559 4603 602 4666; x_wconf 84' lang='lat' dir='ltr'><em>qui</em></span> <span class='ocrx_word' id='word_1_234' title='bbox 618 4599 772 4650; x_wconf 83' lang='lat' dir='ltr'><em>Brabantt&#39;oe</em></span> <span class='ocrx_word' id='word_1_235' title='bbox 789 4602 887 4665; x_wconf 87' lang='lat' dir='ltr'><em>oppida</em></span> <span class='ocrx_word' id='word_1_236' title='bbox 903 4608 1058 4652; x_wconf 72' lang='lat' dir='ltr'><em>perimeret.</em></span> <span class='ocrx_word' id='word_1_237' title='bbox 1123 4599 1145 4634; x_wconf 80' lang='lat'><em>⁵²</em></span> <span class='ocrx_word' id='word_1_238' title='bbox 1162 4602 1293 4651; x_wconf 78' lang='lat' dir='ltr'><em>Austriea</em></span> <span class='ocrx_word' id='word_1_239' title='bbox 1306 4604 1330 4650; x_wconf 87' lang='lat'><em>5.</em></span> <span class='ocrx_word' id='word_1_240' title='bbox 1406 4597 1428 4631; x_wconf 75' lang='lat'><em>⁸⁴</em></span> <span class='ocrx_word' id='word_1_241' title='bbox 1446 4600 1518 4649; x_wconf 83' lang='lat' dir='ltr'><em>hanc</em></span> <span class='ocrx_word' id='word_1_242' title='bbox 1536 4617 1585 4651; x_wconf 87' lang='lat' dir='ltr'><em>non</em></span> <span class='ocrx_word' id='word_1_243' title='bbox 1604 4602 1647 4650; x_wconf 81' lang='lat' dir='ltr'><em>lta·</em></span> 
     </span>
     <span class='ocr_line' id='line_1_37' title="bbox 352 4683 1647 4754; baseline -0.002 -16"><span class='ocrx_word' id='word_1_244' title='bbox 352 4688 394 4738; x_wconf 87' lang='lat' dir='ltr'><em>bet</em></span> <span class='ocrx_word' id='word_1_245' title='bbox 406 4690 432 4738; x_wconf 86' lang='grc'><em>2.</em></span> <span class='ocrx_word' id='word_1_246' title='bbox 484 4683 637 4729; x_wconf 64' lang='lat' dir='ltr'><em>⁸⁷·⁸t1·⁹¹·⁸bb·</em></span> <span class='ocrx_word' id='word_1_247' title='bbox 654 4686 688 4735; x_wconf 89' lang='lat' dir='ltr'><em>de</em></span> <span class='ocrx_word' id='word_1_248' title='bbox 702 4690 796 4751; x_wconf 81' lang='lat' dir='ltr'><em>puqm&#39;s</em></span> <span class='ocrx_word' id='word_1_249' title='bbox 812 4704 837 4736; x_wconf 86' lang='lat' dir='ltr'><em>a.</em></span> <span class='ocrx_word' id='word_1_250' title='bbox 852 4689 932 4735; x_wconf 78' lang='lat'><strong><em>1513.</em></strong></span> <span class='ocrx_word' id='word_1_251' title='bbox 944 4704 1002 4754; x_wconf 83' lang='lat' dir='ltr'><em>sqq.</em></span> <span class='ocrx_word' id='word_1_252' title='bbox 1021 4690 1165 4739; x_wconf 79' lang='lat' dir='ltr'><em>commissit.</em></span> <span class='ocrx_word' id='word_1_253' title='bbox 1201 4686 1363 4751; x_wconf 78' lang='lat' dir='ltr'><em>⁸⁷Myncius</em></span> <span class='ocrx_word' id='word_1_254' title='bbox 1380 4701 1472 4735; x_wconf 86' lang='lat' dir='ltr'><em>ornnes.</em></span> <span class='ocrx_word' id='word_1_255' title='bbox 1508 4684 1529 4716; x_wconf 80' lang='lat'><em>⁸⁸</em></span> <span class='ocrx_word' id='word_1_256' title='bbox 1547 4686 1647 4735; x_wconf 76' lang='lat' dir='ltr'><em>Antea.</em></span> 
     </span>
     <span class='ocr_line' id='line_1_38' title="bbox 352 4768 1649 4845; baseline -0.002 -23"><span class='ocrx_word' id='word_1_257' title='bbox 352 4779 430 4823; x_wconf 76' lang='lat' dir='ltr'><em>tecta</em></span> <span class='ocrx_word' id='word_1_258' title='bbox 447 4769 524 4838; x_wconf 82' lang='lat' dir='ltr'><em>loris]</em></span> <span class='ocrx_word' id='word_1_259' title='bbox 544 4772 683 4820; x_wconf 83' lang='lat' dir='ltr'><em>Patauium.</em></span> <span class='ocrx_word' id='word_1_260' title='bbox 744 4769 765 4802; x_wconf 80' lang='lat'><em>⁸⁸</em></span> <span class='ocrx_word' id='word_1_261' title='bbox 784 4771 970 4823; x_wconf 74' lang='lat' dir='ltr'><em>lacrimosas.</em></span> <span class='ocrx_word' id='word_1_262' title='bbox 1025 4772 1097 4823; x_wconf 82' lang='lat' dir='ltr'><em>clad.</em></span> <span class='ocrx_word' id='word_1_263' title='bbox 1110 4768 1191 4836; x_wconf 60' lang='lat' dir='ltr'><em>Rau]</em></span> <span class='ocrx_word' id='word_1_264' title='bbox 1210 4776 1236 4823; x_wconf 83' lang='lat' dir='ltr'><em>d.</em></span> <span class='ocrx_word' id='word_1_265' title='bbox 1252 4772 1366 4837; x_wconf 55' lang='lat' dir='ltr'><em>tuftpr.</em></span> <span class='ocrx_word' id='word_1_266' title='bbox 1378 4787 1402 4832; x_wconf 86' lang='lat' dir='ltr'><em>q.</em></span> <span class='ocrx_word' id='word_1_267' title='bbox 1412 4770 1484 4845; x_wconf 59' lang='lat'>15123</span> <span class='ocrx_word' id='word_1_268' title='bbox 1520 4771 1555 4832; x_wconf 82' lang='lat' dir='ltr'><em>af.</em></span> <span class='ocrx_word' id='word_1_269' title='bbox 1575 4770 1649 4820; x_wconf 76' lang='lat' dir='ltr'><em>Getie-</em></span> 
     </span>
     <span class='ocr_line' id='line_1_39' title="bbox 353 4853 1648 4921; baseline -0.001 -14"><span class='ocrx_word' id='word_1_270' title='bbox 353 4860 464 4908; x_wconf 71' lang='lat' dir='ltr'><em>ct‘ards&#39;nt</em></span> <span class='ocrx_word' id='word_1_271' title='bbox 479 4858 538 4906; x_wconf 69' lang='lat' dir='ltr'><em>besl.</em></span> <span class='ocrx_word' id='word_1_272' title='bbox 557 4856 619 4904; x_wconf 87' lang='lat' dir='ltr'><em>Ital.</em></span> <span class='ocrx_word' id='word_1_273' title='bbox 638 4856 680 4904; x_wconf 83' lang='lat' dir='ltr'><em>nb.</em></span> <span class='ocrx_word' id='word_1_274' title='bbox 693 4856 727 4905; x_wconf 86' lang='lat' dir='ltr'><em>X.</em></span> <span class='ocrx_word' id='word_1_275' title='bbox 791 4855 1028 4908; x_wconf 64' lang='lat' dir='ltr'><em>”totiesnictam</em></span> <span class='ocrx_word' id='word_1_276' title='bbox 1039 4858 1136 4907; x_wconf 83' lang='lat' dir='ltr'><em>Brixia</em></span> <span class='ocrx_word' id='word_1_277' title='bbox 1148 4856 1265 4921; x_wconf 77' lang='lat' dir='ltr'><em>pulchro</em></span> <span class='ocrx_word' id='word_1_278' title='bbox 1276 4861 1363 4921; x_wconf 79' lang='lat' dir='ltr'><em>nogat</em></span> <span class='ocrx_word' id='word_1_279' title='bbox 1377 4858 1468 4906; x_wconf 80' lang='lat'><strong><em>3...5.</em></strong></span> <span class='ocrx_word' id='word_1_280' title='bbox 1521 4853 1648 4921; x_wconf 52' lang='lat' dir='ltr'><em>opalus.</em></span> 
     </span>
     <span class='ocr_line' id='line_1_40' title="bbox 354 4938 1651 5005; baseline 0.002 -15"><span class='ocrx_word' id='word_1_281' title='bbox 354 4938 466 5005; x_wconf 71' lang='lat' dir='ltr'><em>domim]</em></span> <span class='ocrx_word' id='word_1_282' title='bbox 498 4942 623 4991; x_wconf 73' lang='lat' dir='ltr'><em>Venetiae.</em></span> <span class='ocrx_word' id='word_1_283' title='bbox 680 4941 702 4973; x_wconf 61' lang='grc' dir='ltr'><em>’θ</em></span> <span class='ocrx_word' id='word_1_284' title='bbox 719 4958 750 4990; x_wconf 82' lang='lat' dir='ltr'><em>nt.</em></span> <span class='ocrx_word' id='word_1_285' title='bbox 763 4940 836 5005; x_wconf 83' lang='lat' dir='ltr'><em>Sept.</em></span> <span class='ocrx_word' id='word_1_286' title='bbox 849 4958 874 4990; x_wconf 88' lang='lat' dir='ltr'><em>a.</em></span> <span class='ocrx_word' id='word_1_287' title='bbox 889 4945 969 4993; x_wconf 80' lang='lat' dir='ltr'><em>tota.</em></span> <span class='ocrx_word' id='word_1_288' title='bbox 1028 4941 1061 4975; x_wconf 86' lang='lat'><em>¹⁰⁰</em></span> <span class='ocrx_word' id='word_1_289' title='bbox 1079 4941 1228 4991; x_wconf 45' lang='lat' dir='ltr'><em>feliciis</em></span> <span class='ocrx_word' id='word_1_290' title='bbox 1288 4940 1318 4974; x_wconf 85' lang='lat'><em>¹⁰¹</em></span> <span class='ocrx_word' id='word_1_291' title='bbox 1338 4943 1419 4992; x_wconf 82' lang='lat' dir='ltr'><em>timet</em></span> <span class='ocrx_word' id='word_1_292' title='bbox 1434 4942 1521 4991; x_wconf 79' lang='lat' dir='ltr'><em>Latia</em></span> <span class='ocrx_word' id='word_1_293' title='bbox 1539 4940 1651 4993; x_wconf 74' lang='lat' dir='ltr'><em>clausus</em></span> 
     </span>
     <span class='ocr_line' id='line_1_41' title="bbox 353 5024 1650 5092; baseline 0.002 -17"><span class='ocrx_word' id='word_1_294' title='bbox 353 5025 514 5090; x_wconf 77' lang='lat' dir='ltr'><em>speculator</em></span> <span class='ocrx_word' id='word_1_295' title='bbox 531 5026 666 5075; x_wconf 82' lang='lat' dir='ltr'><em>in3...5.</em></span> <span class='ocrx_word' id='word_1_296' title='bbox 720 5024 752 5058; x_wconf 80' lang='lat'><em>¹⁰¹</em></span> <span class='ocrx_word' id='word_1_297' title='bbox 768 5024 850 5091; x_wconf 79' lang='lat' dir='ltr'><em>posce</em></span> <span class='ocrx_word' id='word_1_298' title='bbox 863 5030 889 5076; x_wconf 85' lang='lat'><em>2.</em></span> <span class='ocrx_word' id='word_1_299' title='bbox 948 5027 981 5060; x_wconf 84' lang='lat'><em>¹⁰³</em></span> <span class='ocrx_word' id='word_1_300' title='bbox 999 5028 1054 5077; x_wconf 84' lang='lat' dir='ltr'><em>Leo</em></span> <span class='ocrx_word' id='word_1_301' title='bbox 1065 5027 1099 5076; x_wconf 87' lang='lat' dir='ltr'><em>X.</em></span> <span class='ocrx_word' id='word_1_302' title='bbox 1117 5027 1387 5077; x_wconf 81' lang='lat' dir='ltr'><em>eurnLudooieoXII.</em></span> <span class='ocrx_word' id='word_1_303' title='bbox 1404 5028 1531 5078; x_wconf 78' lang='lat' dir='ltr'><em>Galtoman</em></span> <span class='ocrx_word' id='word_1_304' title='bbox 1548 5043 1610 5092; x_wconf 81' lang='lat' dir='ltr'><em>repe</em></span> <span class='ocrx_word' id='word_1_305' title='bbox 1622 5028 1650 5077; x_wconf 84' lang='lat' dir='ltr'><em>d.</em></span> 
     </span>
     <span class='ocr_line' id='line_1_42' title="bbox 355 5109 1385 5178; baseline 0.002 -19"><span class='ocrx_word' id='word_1_306' title='bbox 355 5111 379 5159; x_wconf 77' lang='lat'><em>⁶.</em></span> <span class='ocrx_word' id='word_1_307' title='bbox 394 5109 449 5159; x_wconf 85' lang='lat' dir='ltr'><em>Oet.</em></span> <span class='ocrx_word' id='word_1_308' title='bbox 466 5126 491 5159; x_wconf 91' lang='lat' dir='ltr'><em>a.</em></span> <span class='ocrx_word' id='word_1_309' title='bbox 506 5111 587 5161; x_wconf 77' lang='lat' dir='ltr'><em>tota.</em></span> <span class='ocrx_word' id='word_1_310' title='bbox 604 5117 696 5161; x_wconf 80' lang='lat' dir='ltr'><em>contra</em></span> <span class='ocrx_word' id='word_1_311' title='bbox 714 5112 841 5163; x_wconf 76' lang='lat' dir='ltr'><em>Curarem</em></span> <span class='ocrx_word' id='word_1_312' title='bbox 855 5118 948 5178; x_wconf 78' lang='lat' dir='ltr'><em>pactus</em></span> <span class='ocrx_word' id='word_1_313' title='bbox 965 5118 1012 5162; x_wconf 76' lang='lat' dir='ltr'><em>est.</em></span> <span class='ocrx_word' id='word_1_314' title='bbox 1049 5111 1082 5146; x_wconf 77' lang='lat'><em>¹⁰⁵</em></span> <span class='ocrx_word' id='word_1_315' title='bbox 1098 5113 1162 5163; x_wconf 86' lang='lat' dir='ltr'><em>Heu</em></span> <span class='ocrx_word' id='word_1_316' title='bbox 1180 5112 1233 5163; x_wconf 83' lang='lat' dir='ltr'><em>tibi</em></span> <span class='ocrx_word' id='word_1_317' title='bbox 1250 5130 1274 5164; x_wconf 87' lang='lat' dir='ltr'><em>c.</em></span> <span class='ocrx_word' id='word_1_318' title='bbox 1290 5115 1350 5164; x_wconf 82' lang='lat'><strong><em>3...</em></strong></span> <span class='ocrx_word' id='word_1_319' title='bbox 1360 5114 1385 5161; x_wconf 79' lang='lat' dir='ltr'><em>t.</em></span> 
     </span>
    </p>
   </div>
   <div class='ocr_carea' id='block_1_4' title="bbox 0 0 2097 6209">
    <p class='ocr_par' dir='ltr' id='par_1_4' title="bbox 0 0 2097 6209">
     <span class='ocr_line' id='line_1_43' title="bbox 0 0 2097 6209; baseline 0 0"><span class='ocrx_word' id='word_1_320' title='bbox 0 0 2097 6209; x_wconf 95' lang='lat' dir='ltr'><em> </em></span> 
     </span>
    </p>
   </div>
  </div>
 </body>
</html>
