4067 6209
412 817 547 868 cxxxn.
568 832 649 867 avar.
664 831 700 867 an
714 833 792 868 esen.
808 832 842 867 urr
856 832 959 868 erasas
973 831 1026 896 rap
1041 831 1219 868 ruananrano
1232 828 1381 867 aroucam.
1404 821 1460 865 totu.
1508 797 1581 872 297

293 989 368 1062 Quid
396 988 474 1049 aliud
505 995 562 1056 est,
593 989 728 1067 inquam,
755 989 838 1066 sequi
860 979 1060 1058 Phalaridem,
1083 989 1142 1049 sive
1165 988 1310 1049 llercurio
1333 987 1407 1048 duce
1430 988 1489 1048 sire
1511 986 1654 1047 Cha-§.⁸³-

293 1098 378 1151 ronte
409 1098 524 1151 sertore
554 1098 620 1168 agat
647 1091 703 1151 hoc
732 1089 850 1169 aliquis,
880 1110 967 1168 quarn
996 1093 1085 1169 impie
1114 1099 1143 1152 et
1170 1090 1312 1151 scelerate
1342 1092 1440 1149 omnia
1471 1090 1587 1150 tacerel

294 1194 361 1253 ‘Sed
384 1211 450 1271 quac
473 1191 519 1252 ille
543 1195 701 1260 commisit,
726 1192 791 1251 talia
814 1211 872 1252 non
895 1200 978 1252 sunt:
1009 1193 1084 1272 qnid
1103 1195 1172 1253 tanti
1196 1198 1239 1253 est
1254 1194 1338 1252 'eninr
1360 1210 1483 1252 uxorem
1502 1194 1586 1253 amiel

293 1295 445 1371 deperire;
480 1294 528 1353 ubi
552 1295 708 1371 perillum
731 1294 818 1373 potiri
845 1313 903 1353 non
927 1293 1007 1364 lieet,
1037 1298 1132 1372 ipsum
1155 1297 1193 1355 ita
1216 1295 1321 1372 cupide
1343 1295 1526 1363 interficere,
1555 1301 1587 1353 ut

273 1408 331 1456 ben
353 1404 449 1456 morte
472 1414 588 1473 qnoque
612 1398 727 1457 satietas
749 1415 807 1456 non
830 1398 881 1465 sit:
914 1395 993 1457 illam
1016 1397 1168 1475 abreptam
1191 1399 1228 1456 ita
1252 1395 1421 1474 complecti,
1451 1403 1482 1456 nt
1503 1414 1585 1455 snam

294 1516 417 1558 uxorem
440 1498 528 1557 domo
551 1499 664 1574 erigat?
699 1498 860 1576 quiritanti
884 1506 927 1559 est
949 1501 1033 1566 item,
1065 1518 1080 1558 a
1110 1518 1168 1577 qno
1197 1498 1336 1560 liberatus
1359 1500 1423 1576 quis
1445 1499 1496 1566 sit,
1525 1499 1655 1558 eiusrsr.

294 1597 404 1659 liberos
427 1599 568 1676 perderet
602 1599 751 1660 bominem
774 1602 975 1669 innocentem,
1004 1601 1060 1661 sibi
1086 1603 1212 1661 amir-um
1239 1607 1268 1659 et
1295 1601 1399 1669 lidum,
1427 1618 1515 1678 quem
1541 1617 1588 1659 ca·

295 1720 361 1760 rnrn
384 1700 533 1769 babuerit,
557 1703 660 1780 suique
683 1707 828 1761 amantem
851 1702 957 1762 indicta
980 1721 1067 1763 eausa
1091 1704 1273 1771 interlicere,
1296 1710 1446 1762 mortuum
1462 1708 1588 1779 raptare,

295 1810 439 1880 raptatum
463 1810 492 1861 et
513 1801 673 1863 laceratum
702 1803 897 1880 suspendere,
926 1822 985 1863 non
1018 1804 1171 1882 indulgere
1199 1804 1379 1881 sepulturam
1407 1805 1588 1882 propinquis,

263 1906 408 1981 wlingere
431 1906 460 1963 in
484 1911 633 1964 mortuum
656 1906 784 1971 crimen,
814 1906 982 1965 interimere
1005 1909 1128 1984 eosqui
1151 1905 1231 1966 illurn
1254 1904 1392 1983 lugeant?
1425 1906 1657 1984 principemtos

297 2006 445 2067 beluinam
467 2024 592 2066 uxorem
615 2006 690 2066 male
719 2013 860 2076 tractare,
889 2006 1048 2067 crudeliter
1077 2008 1202 2074 babere,
1232 2010 1331 2068 conari
1359 2008 1466 2084 llagitio
1489 2014 1518 2067 et
1540 2007 1590 2067 de·

297 2109 404 2168 decore
428 2107 606 2185 perfundere
630 2110 772 2185 primurn,
802 2108 907 2167 deinde
930 2127 1035 2186 parare
1058 2109 1207 2179 occidere,
1239 2110 1357 2170 demum
1386 2111 1489 2194 mortis
1511 2116 1591 2170 metu

297 2210 385 2269 domo
408 2211 530 2277 eiicerc;
564 2212 681 2269 interim
703 2209 877 2270 sceleratum
900 2217 1055 2281 seorunn,
1076 2212 1182 2271 fredam
1211 2231 1245 2271 ae
1275 2214 1431 2271 immanem
1456 2210 1591 2289 pellicem

297 2313 326 2371 in
349 2313 414 2371 sinu
438 2318 554 2380 tenere,
584 2313 613 2371 in
637 2311 793 2389 complexu
816 2309 931 2381 lovere,
962 2315 1025 2372 eius
1054 2312 1186 2373 osculum
1213 2312 1361 2381 lambere,
1391 2332 1455 2373 earn
1484 2314 1512 2373 in
1541 2311 1590 2373 illo

264 2412 444 2489 “coniugali
476 2413 562 2471 t-lroro
590 2415 691 2473 uxoris
721 2413 786 2472 loco
815 2413 943 2474 habere?
980 2414 1048 2491 quid
1078 2416 1149 2474 tanti
1182 2422 1226 2474 est
1257 2413 1406 2492 suppliciis
1435 2416 1590 2475 exhaurire
1600 2423 1658 2473 §.dn

298 2514 387 2573 urbes
410 2521 438 2573 et
461 2515 570 2590 [raguel
607 2525 737 2591 semper·
752 2523 907 2592 torquere,
935 2533 1054 2593 semper
1081 2516 1229 2584 occidere,
1260 2518 1365 2593 iugiter
1392 2524 1421 2574 et
1448 2523 1590 2594 perpetuo
1652 2518 1655 2524 '

299 2631 418 2692 rapere,
442 2617 568 2692 grassari
592 2615 685 2684 caede,
709 2615 808 2692 spoliis
831 2624 859 2675 et
881 2618 1041 2692 sangnine?
1074 2619 1260 2678 Germaniam
1284 2616 1437 2676 discordiis
1459 2616 1591 2694 implere,

299 2725 419 2776 externa
442 2717 597 2776 adversum
625 2735 679 2775 nos
707 2716 812 2777 auxilia
834 2717 993 2784 advocare,
1008 2720 1147 2796 imperio
1170 2721 1351 2779 eversionem
1374 2717 1490 2777 moliri?
1523 2718 1662 2796 quintu.

299 2821 368 2878 tanti
391 2826 516 2887 estqnon
539 2836 656 2877 serrare
679 2818 782 2886 tidem,
813 2820 1015 2879 iusiurandum
1043 2819 1209 2898 negligere,
1240 2825 1325 2897 pacta
1354 2820 1508 2889 dirimere,
1541 2820 1593 2879 ln»,-

263 2920 370 2980 ²⁰dera
393 2919 520 2987 solvere,
549 2919 648 2978 literas
675 2927 704 2978 et
725 2921 822 2997 sigua,
852 2920 947 2979 datam
976 2929 1005 2980 et
1033 2923 1233 2998 interpositam
1262 2922 1365 2989 fidem,
1395 2924 1537 2998 promissa
1566 2928 1596 2981 et

298 3024 390 3082 iurata
414 3040 473 3080 non
497 3021 593 3080 lacere
617 3022 702 3081 unius
725 3021 826 3080 labm‘t'
850 3022 907 3081 Sed
930 3023 998 3100 quid
1024 3041 1078 3101 ego
1101 3023 1137 3082 dc
1160 3026 1274 3098 integro
1297 3040 1414 3082 cansam
1441 3025 1517 3084 banc
1538 3030 1663 3101 agobtt.

298 3125 416 3183 terrim?
452 3125 522 3182 satis
550 3129 594 3181 est
623 3122 680 3181 boc
707 3122 763 3182 dici
791 3123 975 3183 Phalaridem
1004 3126 1088 3201 sequi
1115 3132 1144 3183 et
1172 3126 1288 3183 vincere
1322 3122 1385 3182 baec
1418 3126 1467 3200 qui
1500 3112 1602 3184 lacius

299 3229 472 3302 Quanquam
496 3230 539 3282 est.
561 3223 601 3282 ibi
624 3225 771 3301 quoddam
794 3243 911 3292 meum,
936 3224 1044 3292 lateor,
1069 3232 1213 3291 erratum,
1238 3224 1406 3302 quodcum
1435 3226 1513 3300 lingo
1540 3223 1595 3284 snb

300 3325 452 3386 l'lnrlaride
475 3325 586 3385 scelera
608 3326 722 3385 discere
745 3328 794 3404 qni
817 3334 861 3386 est
884 3329 945 3403 ipse
968 3345 1055 3404 qnam
1079 3327 1133 3386 luit
1161 3344 1290 3403 unquam
1312 3322 1444 3385 Phalaris
1472 3327 1596 3403 nequior

264 3434 330 3485 ²⁵et
352 3426 534 3504 pestilentior
556 3434 706 3505 tyrannus.
752 3428 793 3487 Te
816 3447 887 3487 vero
910 3447 1007 3487 nonne
1030 3420 1161 3504 oportuit
1189 3428 1270 3504 prius
1300 3425 1440 3487 revellere
1469 3444 1503 3485 ea
1532 3427 1664 3503 qui-§.ca

300 3526 356 3587 bus
378 3529 414 3587 dc
437 3527 550 3594 scribo,
574 3547 662 3606 quarn
686 3531 781 3606 ipsum
805 3529 945 3588 damnare
968 3529 1129 3605 scriptum?
1152 3528 1208 3588 dut
1224 3528 1293 3606 qnid
1309 3529 1371 3604 agis
1387 3546 1469 3587 meos
1484 3526 1598 3587 libellos

300 3630 484 3706 discerpens,
513 3628 591 3688 illam
620 3648 678 3689 non
708 3629 879 3707 improbans
908 3637 997 3689 totam
1021 3631 1219 3708 Augustanam
1247 3631 1409 3697 actionem,
1441 3627 1510 3688 illud
1538 3646 1598 3687 non

301 3730 472 3789 rescindens
494 3730 671 3790 indicatum?
704 3731 775 3791 llem
805 3733 898 3807 ipsam
926 3750 984 3789 non
1014 3730 1180 3808 improbas,
1213 3733 1298 3791 inane
1326 3731 1468 3805 seriptum
1497 3746 1597 3805 persc-

301 3833 409 3908 qneris,
455 3832 524 3910 quid
553 3837 665 3891 tantnm
694 3832 810 3891 obortas
839 3831 924 3891 odisti
953 3839 981 3891 et
1003 3835 1218 3892 atramentum?
1253 3834 1303 3892 sed
1327 3832 1447 3899 motula,
1471 3832 1495 3890 si
1517 3836 1598 3889 recta

263 3940 405 3991 ancontra
428 3951 481 3990 nos
504 3951 567 4000 ear,
591 3935 748 3993 maiestatis
771 3942 798 3993 te
821 3952 858 3992 ne
881 3941 1012 3992 accersat
1034 3933 1145 4012 aliquis.
1183 3940 1269 4012 atquc
1292 3934 1347 3993 buc
1369 3932 1506 4010 estquod
1523 3931 1597 4001 die-o,

300 4037 329 4094 in
359 4052 497 4110 magnum
527 4040 554 4093 te
583 4034 740 4095 discrimen
770 4037 854 4095 ivisse
882 4036 1072 4112 precipitem.
1118 4035 1228 4107 Quodsi
1257 4034 1347 4094 nolim
1376 4035 1411 4094 dc
1440 4053 1507 4094 mco
1535 4034 1600 4094 iure

301 4134 464 4195 concedere
487 4133 610 4213 aliquid,
636 4139 726 4196 sentis
748 4145 852 4214 quate
876 4138 934 4206 ria,
965 4144 1074 4215 quanto
1096 4144 1145 4196 tno
1169 4156 1235 4198 cum
1265 4136 1341 4196 malo
1371 4138 1509 4215 persequi
1531 4154 1598 4214 pos·

300 4239 374 4296 sim?
404 4235 510 4295 Verum
532 4235 587 4296 alia
608 4246 802 4314 pertractasse
832 4240 928 4297 ororria
958 4239 1073 4306 videor;
1109 4240 1137 4297 in
1161 4259 1196 4298 eo
1218 4239 1314 4298 adbuc
1335 4238 1449 4306 luerco,
1479 4238 1668 4317 quietern.

301 4340 439 4406 ruoverit,
470 4346 502 4396 nt
524 4339 551 4396 in
572 4338 785 4399 l‘balarisrnnnr
809 4339 979 4399 desaevires:
1012 4359 1049 4399 an
1071 4340 1223 4400 metuebas
1246 4359 1282 4400 ne
1305 4359 1352 4399 me
1374 4342 1532 4407 excitante,
1553 4357 1601 4397 me

267 4455 294 4493 1⁵⁵
304 4440 457 4500 bominum
480 4448 593 4500 mentes
612 4448 802 4517 permovente
826 4441 865 4501 illi
889 4442 963 4501 male
989 4449 1081 4511 esset,
1111 4450 1141 4501 tn
1166 4460 1218 4518 spe
1242 4449 1288 4501 tna
1311 4443 1410 4501 nescio
1433 4459 1490 4519 qna
1512 4440 1601 4516 (certe
1683 4501 1685 4506 ,

302 4542 436 4619 quaedam
456 4548 519 4600 erat
540 4541 600 4615 tibi)
625 4543 791 4610 excideres,
820 4550 863 4609 et,
889 4544 912 4602 si
935 4561 1038 4603 rernm
1068 4550 1112 4602 est
1139 4543 1218 4621 qnod
1249 4542 1390 4600 (lucentes
1419 4538 1469 4598 tibi
1495 4554 1602 4597 aureos

301 4643 447 4718 stipendio
465 4645 620 4720 quotannis
641 4642 786 4710 solvebat,
807 4643 890 4703 lucro
912 4646 998 4702 etiam
1021 4663 1057 4701 ne
1081 4643 1316 4703 exciderestno‘t
1345 4643 1416 4711 Quia
1432 4640 1509 4699 enim
1525 4639 1670 4711 Ger-§.m

302 4762 405 4802 manos
428 4751 545 4803 nostros
568 4748 686 4822 ignoras
709 4752 739 4803 tu
761 4751 903 4823 quantum
925 4744 1026 4804 Latine
1049 4746 1142 4803 sciant
1162 4751 1190 4803 et
1209 4743 1325 4818 scriptis
1346 4748 1379 4800 ut
1400 4741 1511 4800 moveri
1532 4757 1601 4817 pos·

371 4962 471 5013 ’omn
493 4962 559 5029 lael
580 4966 675 5013 conari
695 4966 788 5013 omnia
805 4981 874 5014 corr.
889 4966 924 5014 H.
934 4968 958 5013 2.
1036 4963 1046 4994 ⁶
1065 4979 1081 5012 a
1101 4960 1163 5026 quo]
1182 4964 1232 5010 orell
1244 4962 1343 5011 Lraedou.
1357 4961 1502 5017 Hellenum,
1521 4962 1600 5008 inter·

298 5051 365 5110 secti
383 5049 490 5098 Ioannis
506 5056 615 5114 patrem.
668 5047 765 5115 “cuiq
779 5053 803 5098 1.
852 5049 872 5081 ¹⁹
891 5050 1000 5099 diruere
1016 5052 1040 5099 1.
1059 5047 1187 5096 dirimere
1206 5060 1275 5095 corr.
1290 5045 1360 5093 ΙΙ.2.
1413 5040 1436 5073 ²¹
1454 5042 1601 5093 oeelcre2.

301 5131 325 5163 ³⁴
343 5131 545 5198 pharerilmnm
559 5136 584 5183 1.
638 5133 660 5166 ³⁸
679 5136 771 5200 quot.
820 5134 842 5166 ³⁸
861 5140 994 5200 qnantum
1011 5134 1163 5184 eorr.H.2.
1233 5135 1265 5180 nt
1284 5131 1309 5180 1.
