4067 6209
352 768 401 816 sn
782 744 787 751 '
837 755 975 805 rruroms
994 757 1156 806 rerumne.

351 944 459 1005 danme
482 945 674 1023 perpetimur.
720 961 819 1003 sacras
841 942 943 1011 eadee,
974 945 1063 1003 immo
1087 944 1206 1003 nitentia
1235 941 1342 1020 palatia
1370 949 1555 1020 sumptuose,
1584 961 1642 1002 nen

352 1073 468 1150 pietatis
490 1091 577 1132 eausa
599 1072 754 1131 artificiose
777 1070 921 1130 aedificare
945 1071 1107 1148 eademqne
1128 1072 1338 1148 pretiosissima
1360 1069 1532 1147 supellectili
1547 1070 1644 1147 splen·

351 1198 484 1278 didisque
513 1199 620 1259 oscillis
642 1200 724 1278 qnasi
746 1198 920 1258 blaurmonae
942 1198 1165 1259 sacrificandum
1190 1207 1266 1256 esset
1288 1198 1367 1258 varie
1390 1217 1534 1258 exeruere
1556 1200 1644 1258 adae·

351 1335 457 1406 etoque
487 1325 719 1385 sacrificulorum
749 1324 960 1385 bistrienalium
990 1325 1118 1402 superbe
1147 1344 1188 1384 ee·
1204 1327 1321 1402 procaci
1344 1327 1418 1385 lustu
1442 1334 1469 1385 et
1494 1327 1643 1386 insolentia

351 1455 478 1532 praerriiis
502 1452 663 1514 honeribus
685 1451 872 1532 phalerisque
894 1454 1053 1531 prepositis
1076 1452 1210 1521 inlicere,
1240 1453 1372 1512 nolentes
1399 1461 1424 1512 et
1450 1454 1645 1514 detrectantes

351 1589 401 1642 aut
423 1583 515 1659 peruris
538 1579 663 1642 rrndtare
685 1588 735 1640 aut
757 1599 845 1641 inaenn
867 1579 984 1640 militari
1000 1588 1032 1640 nt
1048 1582 1233 1659 frequentent
1250 1581 1383 1655 adigere,
1407 1581 1547 1657 neglectis
1562 1599 1644 1658 spre-

350 1710 444 1786 tisque
468 1709 610 1770 buturum
634 1710 739 1768 artium
763 1707 984 1786 litterarumque
1007 1726 1041 1767 ae
1070 1707 1260 1785 pbilesepbiae
1289 1708 1391 1768 studiis
1418 1708 1511 1768 «lirina
1541 1708 1643 1768 lrrrma-

350 1854 445 1915 naque
469 1837 570 1897 eelietis
593 1836 753 1895 ‹lecretisre
776 1835 913 1895 ordinare
936 1836 1050 1901 tritinia,
1074 1835 1156 1913 quasi
1179 1834 1214 1893 de
1238 1833 1372 1895 titanibus
1393 1834 1575 1913 pedibusque
1597 1853 1643 1895 re·

349 1964 466 2039 gendis,
491 1982 548 2059 qen
572 1964 609 2022 de
631 1965 735 2023 animis
759 1964 940 2041 ingeniisque
962 1962 997 2020 ad
1024 1963 1150 2022 ueritatis
1173 1962 1333 2039 divinaque
1356 1960 1528 2021 rnmtalibus
1549 1981 1565 2020 a
1588 1962 1643 2022 alen

350 2091 584 2170 insereremus
607 2092 813 2168 cognitionem,
838 2106 983 2156 amorem,
1008 2106 1094 2147 userm
1117 2089 1258 2147 ‹lueendis
1280 2096 1434 2165 ageretur,
1459 2090 1511 2148 bas
1526 2091 1642 2169 quidem

351 2218 575 2295 eensinrilesque
603 2237 668 2296 epatre
696 2216 794 2277 inultae
822 2223 889 2274 scrut
919 2216 1141 2293 superstitiones
1170 2215 1256 2274 etiam
1280 2217 1450 2292 pientissimi
1474 2217 1526 2276 riri
1550 2216 1587 2276 illi
1612 2225 1643 2277 nt

350 2343 521 2404 Christiana
543 2344 684 2402 doetrinae
707 2344 868 2403 contrarias
892 2342 1047 2401 lenissime
1070 2340 1138 2400 elim
1156 2342 1424 2417 repr-elreciderent:
1448 2351 1574 2403 attamen
1591 2345 1643 2404 be·

349 2470 455 2548 diequc
477 2488 583 2548 greges
605 2488 707 2529 eerrrrn
730 2476 798 2528 scrut
820 2468 927 2547 quibus
950 2469 1043 2527 maim·
1066 2469 1246 2528 istiusmodi
1270 2488 1415 2546 perversae
1437 2471 1551 2547 pietatis
1574 2490 1643 2531 cura

350 2614 414 2657 esse
437 2597 567 2659 videatur
590 2615 678 2675 quam
702 2603 733 2656 ut
755 2596 877 2656 interius
901 2594 1041 2673 terrrplmn
1065 2596 1173 2656 «lentini
1197 2604 1333 2655 extruant
1356 2596 1508 2675 eidemque
1532 2598 1642 2658 clarem

349 2724 448 2785 lumen
478 2723 632 2792 inducant,
665 2723 692 2782 id
716 2722 793 2802 qued
817 2724 871 2783 nisi
894 2722 1043 2782 rneritibus
1065 2723 1255 2800 oleribusque
1278 2722 1445 2784 excolendis
1468 2725 1642 2784 cendrmau·

350 2826 452 2931 disque
483 2852 545 2911 lieri
575 2868 634 2911 nen
664 2855 768 2927 penest.
814 2857 900 2928 atqrm
929 2850 985 2908 lree
1015 2851 1109 2927 ipsum
1140 2858 1172 2909 nt
1201 2850 1280 2908 lieret
1312 2851 1339 2909 in
1370 2851 1470 2927 primis
1500 2853 1643 2912 llnttenus

349 2986 450 3039 nester
478 2977 615 3038 emnilms
643 2985 669 3037 at
700 2978 800 3055 quanti
831 2977 937 3053 ingenii
966 2976 1076 3036 ririlms
1106 2977 1224 3035 conisus
1247 2984 1304 3044 est,
1335 2976 1471 3055 idemque
1494 2978 1530 3037 de
1553 2978 1643 3038 rebus

349 3104 474 3183 publicis
497 3104 775 3182 ecclesiasticisque,
805 3103 842 3163 de
865 3104 1083 3179 magistratibus
1106 3122 1140 3163 ac
1163 3104 1350 3171 sacerdotiis,
1381 3105 1469 3166 ruodo
1497 3114 1577 3165 recte
1599 3107 1642 3166 in·

352 3233 537 3308 terpreteris,
562 3251 595 3292 ea
619 3233 745 3309 pesteris
767 3231 883 3292 tradidit
908 3250 973 3310 «prm
995 3248 1054 3289 neri
1071 3230 1225 3291 Germanis
1240 3231 1334 3292 selum
1352 3232 1401 3292 sed
1427 3230 1541 3310 populis
1563 3233 1643 3310 prin-

349 3356 524 3437 cipibusque
553 3358 870 3418 enmilms,utilissima
899 3376 963 3416 esse
992 3357 1029 3416 ab
1057 3359 1200 3417 uniuersis
1228 3358 1436 3418 iudicaluurtur
1458 3359 1507 3437 qui
1532 3359 1643 3418 veritati

349 3484 467 3546 student
488 3503 584 3563 neque
607 3486 702 3543 emnia
727 3483 766 3544 lui
789 3504 875 3576 posse
899 3485 1035 3563 pecunia,
1066 3484 1142 3543 bam
1165 3484 1253 3545 eleum
1276 3502 1356 3553 esse,
1386 3484 1555 3563 Clrrpsium,
1583 3503 1642 3545 tren

348 3630 509 3692 pauperem
534 3612 682 3671 tllrristurn
706 3610 761 3672 reli
785 3612 894 3673 debere
916 3612 1068 3671 institoriis
1091 3612 1151 3670 suis
1174 3613 1277 3672 animis
1303 3620 1524 3689 persuaserunt.
1569 3611 1643 3673 Rem

347 3740 445 3820 itaque
468 3739 635 3801 desiderate
659 3749 855 3820 exoptatoque
878 3737 1063 3818 perfacilem,
1093 3739 1144 3798 sed
1174 3757 1239 3818 quaa
1266 3757 1326 3799 nen
1356 3741 1419 3799 sine
1449 3739 1546 3799 urrrltis
1569 3740 1643 3800 dilli-

349 3865 521 3937 eultatibus,
551 3866 717 3936 laboribus,
747 3865 906 3946 dispendiis
935 3867 1037 3959 perlici
1066 3873 1178 3946 petest,
1207 3864 1286 3926 bene
1308 3868 1405 3926 animo
1428 3867 1585 3943 aulgressus
1607 3885 1643 3926 ee

348 3994 504 4054 amantieri
532 4000 709 4072 prosecutus
738 4012 802 4053 sum
826 4011 885 4072 que
908 3994 1001 4068 retegis
1024 3995 1143 4055 llntteni
1167 3995 1273 4070 ingenii
1296 3993 1443 4071 animique
1467 3993 1642 4072 ninguitndi·

347 4137 432 4189 uem,
461 4122 670 4189 constantiam,
699 4119 929 4199 simplieitatem,
959 4120 1117 4180 eandorem
1140 4120 1169 4178 in
1192 4119 1254 4179 dies
1276 4119 1453 4180 adnnrabar.
1500 4097 1642 4197 coemptis

348 4247 575 4309 commedatisre
602 4245 740 4308 subsidiis
767 4246 866 4327 paullo
895 4248 1066 4308 instructior
1095 4246 1187 4306 laetrrs
1214 4246 1309 4325 siquid
1333 4247 1472 4306 liuditum
1496 4254 1546 4305 eut
1568 4245 1641 4306 obli-

347 4375 432 4435 viene
456 4373 602 4454 sepultum
626 4374 745 4445 lateret,
776 4384 804 4434 et
833 4376 986 4436 itinerilms
1015 4375 1099 4434 laetis
1127 4381 1156 4434 ct
1178 4375 1339 4433 nnmerum
1363 4375 1391 4433 in
1414 4374 1517 4451 primis
1539 4374 1642 4433 bema·

346 4502 436 4562 nitate
464 4500 667 4562 liberalissime
693 4502 809 4563 atlintus
831 4522 864 4563 ea
893 4502 1119 4580 diligentiaque
1148 4519 1202 4578 per
1230 4502 1272 4559 rei
1303 4501 1469 4564 domesticae
1490 4499 1641 4561 scholasti·

347 4630 434 4711 cique
455 4630 587 4690 numeris
610 4648 696 4690 curas
718 4629 840 4698 licebat,
870 4628 1102 4708 perquirendum
1125 4630 1249 4706 suscepi.
1296 4630 1352 4688 iarn
1374 4629 1399 4687 si
1421 4646 1547 4705 querum
1570 4628 1641 4687 ami·

347 4773 450 4816 cerum
474 4762 581 4834 quanta
605 4755 778 4817 liberalitate
800 4756 1010 4816 humanissime
1034 4755 1150 4815 adiectus
1172 4772 1282 4825 essem,
1306 4755 1418 4815 meritis
1440 4752 1576 4814 laudibus
1591 4772 1640 4813 ex-

345 4880 496 4951 tollerem,
519 4880 619 4958 gloriae
642 4902 714 4942 ineu!
736 4884 799 4960 ipse
821 4900 912 4942 varicis
934 4883 1110 4961 predicator·
1132 4881 1292 4942 lectoribus
1315 4881 1429 4950 videar,
1453 4899 1549 4958 neque.
1572 4898 1640 4940 sero

346 5008 592 5069 llnttenianorum
621 5027 746 5089 operum
775 5007 932 5069 collectore
961 5016 989 5069 et
1012 5010 1124 5070 editore
1147 5010 1268 5086 dignum
1293 5027 1356 5069 esse
1378 5006 1476 5067 iudice
1499 5006 1535 5068 de
1558 5008 1641 5068 adiu·
