4067 6209
613 763 712 816 XXVI.
736 777 860 815 1111111111
872 778 909 815 11
921 777 1014 815 recor.
1029 778 1118 816 ruens
1130 778 1173 815 111.
1188 779 1215 815 1.
1230 771 1262 815 ta.
1276 778 1334 815 rvx.
1349 772 1408 815 tots.
1633 749 1678 823 41
1707 781 1710 786 ·
1778 793 1783 798 -

383 936 531 1016 propitios
552 951 617 996 esse
632 934 767 996 lltrttenis
788 933 868 1003 deos,
891 933 941 995 ubi
963 932 1100 1013 intelligis
1122 942 1264 1014 quantum
1286 936 1314 996 11
1336 936 1413 996 hanc
1427 943 1544 1015 gentem
1559 934 1682 999 licentia

385 1040 455 1099 lruic
477 1036 665 1117 sanguinario
687 1037 882 1115 permiserint.
931 1036 1020 1096 Geticis
1042 1038 1178 1097 atrocitas
1200 1036 1319 1098 sceleris
1342 1056 1408 1099 cum
1430 1039 1476 1098 111
1500 1037 1598 1099 triduo
1620 1044 1737 1100 mat-t

385 1141 481 1200 iorem
496 1139 661 1200 Germaniae
683 1146 796 1217 partem
812 1138 986 1217 pervaserit,
1010 1138 1145 1199 dubitare
1161 1157 1219 1199 nou
1234 1157 1354 1218 possum
1370 1147 1460 1200 totam
1476 1156 1539 1200 rem
1555 1147 1588 1200 ut
1602 1147 1683 1219 gesta

388 1248 446 1311 est,
469 1240 522 1301 tibi
544 1241 609 1302 istic
630 1257 748 1319 quoque
769 1241 940 1301 innotuisse.
985 1237 1046 1300 Nos
1068 1258 1103 1300 ex
1126 1240 1222 1301 olilcio
1237 1259 1272 1302 ac
1287 1242 1394 1319 pietate
1408 1242 1616 1319 interemptum
1632 1242 1682 1304 dc·

366 1342 568 1423 aploravtmus
589 1344 720 1403 carmine
742 1344 821 1421 quod
843 1343 878 1402 ad
902 1351 931 1402 te
952 1342 1049 1410 mitto,
1073 1340 1121 1401 tali
1142 1341 1228 1421 quale
1247 1344 1433 1417 mestissime
1447 1350 1580 1422 ternpore
1596 1343 1683 1405 condi
1723 1328 1727 1336 ⁵

388 1464 404 1506 a
419 1463 467 1506 me
482 1445 591 1523 potuit:
609 1443 753 1505 debebam
768 1444 824 1514 hoc
839 1444 950 1506 iuvenis
965 1444 1153 1512 innocentie:
1176 1443 1320 1505 debebam
1335 1446 1426 1522 patris
1440 1443 1517 1504 illius
1532 1444 1681 1506 immense

387 1564 456 1625 erga
480 1564 527 1607 me
550 1546 735 1625 benignitati,
759 1564 815 1607 uec
831 1548 933 1605 minus
947 1545 1144 1606 Huttenorum
1167 1547 1291 1615 nomini,
1316 1547 1398 1608 cuius
1416 1554 1473 1607 tam
1490 1546 1610 1625 insignis
1625 1547 1681 1608 hoo
1731 1585 1747 1613 .

386 1648 499 1709 scelere
521 1655 707 1726 contemptus
728 1656 772 1708 est
794 1648 940 1727 quaesitus.
993 1647 1082 1706 Forte
1105 1648 1187 1738 cupis
1209 1650 1285 1709 seire
1307 1648 1376 1727 qnid
1405 1655 1522 1727 agatur,
1552 1655 1581 1708 et
1609 1656 1736 1708 namtt.

388 1769 444 1830 qua
466 1750 539 1811 ultio
560 1757 695 1828 paretur:
718 1748 789 1810 nihil
811 1749 921 1809 habeo:
945 1766 1012 1809 uam
1036 1750 1190 1810 couventui
1212 1751 1345 1828 proxime
1365 1749 1464 1810 habito
1479 1767 1539 1810 non
1553 1751 1681 1821 interlui,

348 1861 485 1932 ⁸ttxreque
506 1852 600 1931 siquid
623 1851 761 1920 habeam,
785 1852 872 1912 buius
887 1851 1003 1929 generis
1018 1850 1178 1912 viatoribus
1199 1854 1383 1913 committere
1403 1852 1505 1912 ausim.
1543 1841 1607 1913 llo'c
1620 1870 1681 1914 non

387 1957 480 2015 sinam
502 1955 640 2032 ignorare
662 1935 887 2023 teunirersam
910 1970 1004 2031 prope
1026 1952 1221 2023 Germaniam,
1246 1953 1415 2032 indignitate
1435 1954 1476 2013 rei
1492 1962 1678 2025 commotam,

387 2054 598 2134 inextinguibili
620 2053 708 2115 huius
730 2055 881 2132 parricidae
911 2054 978 2114 odio
1006 2054 1140 2133 llagrare.
1195 2054 1294 2133 lpsum
1322 2064 1417 2117 metus
1447 2065 1477 2117 et
1504 2056 1734 2118 conscientiam.

386 2158 565 2236 precipitem
588 2165 694 2235 agunt:
722 2155 799 2234 apud
822 2174 892 2217 suos
914 2157 1073 2217 consistere
1095 2174 1155 2216 nou
1182 2156 1285 2224 audet:
1313 2158 1436 2218 accessit
1463 2157 1499 2217 ad
1529 2157 1678 2219 Maximili-

387 2278 474 2320 anum
497 2259 651 2329 Caesarem,
674 2261 883 2337 impetraturus
905 2258 980 2319 sorte
1003 2257 1110 2318 delicto
1131 2259 1254 2327 veniam,
1278 2276 1293 2318 a
1316 2277 1375 2338 quo
1396 2266 1504 2337 praeter
1526 2277 1609 2337 spem
1631 2277 1679 2321 ac·

358 2366 489 2439 ¹‘ceptus
511 2362 610 2422 nescio
633 2379 691 2440 quo
713 2379 745 2421 se
767 2361 927 2438 proripuit,
950 2360 1131 2421 Ulmensium
1154 2359 1294 2437 hospitio,
1322 2360 1364 2420 uti
1386 2361 1488 2422 fertur.
1534 2362 1733 2422 nosocomi-a

387 2464 467 2523 aiunt
487 2463 538 2524 ubi
560 2465 744 2524 nuntiaretur
767 2462 883 2530 adesse,
917 2462 1146 2540 per-ianitorem
1169 2463 1287 2523 iussisse
1315 2461 1453 2540 depositis
1480 2464 1570 2526 armis
1597 2481 1679 2523 acce-

388 2565 466 2625 dere.
490 2564 653 2642 ptudenter
675 2565 803 2643 optimus
825 2566 963 2642 princeps
985 2582 1001 2623 a
1024 2564 1134 2623 furioso
1150 2563 1310 2643 gladiatore
1325 2563 1409 2625 saluti
1425 2583 1486 2626 suae
1501 2566 1588 2626 cavit:
1611 2583 1679 2625 nam

388 2669 435 2745 qui
458 2674 545 2726 tantae
567 2667 755 2735 innocentiae,
789 2673 908 2744 tamque
929 2673 1091 2742 perspecta
1113 2666 1266 2742 probitatis
1288 2668 1398 2744 optime
1420 2666 1457 2727 de
1483 2685 1515 2727 se
1542 2668 1678 2728 nieritum

389 2769 550 2839 bominem,
574 2767 652 2829 nulla
676 2768 875 2829 intercedente
897 2767 1016 2834 oliexxsa,
1040 2766 1273 2828 crudelissimum
1297 2769 1326 2828 11
1349 2768 1469 2830 modum
1492 2769 1679 2838 encratitis

355 2870 431 2930 ”rel
453 2890 470 2930 a
492 2869 606 2931 cesare
627 2870 652 2929 si
674 2888 741 2930 cunr
765 2870 843 2930 terro
866 2868 1044 2936 admittatur,
1067 2887 1172 2930 mauris
1193 2869 1371 2930 continebit?
1393 2879 1443 2931 aut
1457 2869 1493 2930 ab
1509 2871 1606 2950 aliquo
1622 2872 1677 2931 cri-

389 2973 464 3033 mine
485 2979 717 3050 temperaturum
742 2978 830 3048 putas
859 2972 908 3048 qui
936 2970 993 3030 hoc
1022 2989 1110 3031 ausus
1138 2972 1192 3031 sit?
1227 2971 1273 3032 Me
1295 2980 1355 3033 tant
1377 2972 1464 3032 liuius
1485 2971 1679 3034 lamentabilis
1689 2977 1734 3027 §.o

390 3074 519 3133 interitus
541 3074 578 3133 ad
601 3072 712 3132 luctum
734 3073 848 3141 incitat,
872 3090 959 3150 quam
983 3073 1158 3132 immodicus
1180 3076 1258 3134 senis
1280 3073 1365 3134 dolor
1386 3074 1422 3133 ad
1446 3081 1607 3147 extremam
1629 3094 1678 3136 us·

390 3192 443 3252 qne
464 3176 610 3236 tristitiam
633 3173 775 3252 perducit.
821 3175 884 3233 Scis
911 3181 945 3234 ut
971 3191 1006 3233 ex
1036 3183 1162 3252 quatuor
1189 3173 1269 3245 siliis,
1300 3194 1374 3254 quos
1402 3173 1621 3251 pulchritudine
1650 3183 1679 3237 et

390 3275 533 3337 alacritate
555 3294 729 3354 corporum,
752 3278 858 3336 virtute
881 3294 949 3336 vero
971 3277 1137 3337 animorum
1153 3284 1212 3337 tota
1227 3277 1350 3337 Francia
1366 3277 1507 3336 admirata
1523 3284 1575 3345 cst,
1599 3277 1677 3337 brino

358 3377 572 3456 asingulariter
593 3378 752 3439 admodum
774 3379 931 3445 amarerit;
954 3378 1011 3437 scis
1031 3385 1169 3457 quautam
1191 3380 1219 3467 11
1235 3378 1293 3439 lxoc
1307 3396 1389 3456 spem
1405 3386 1553 3458 posuerat.
1590 3385 1678 3456 atque
1687 3385 1706 3436 t.
1715 3388 1744 3431 1⁰.

390 3476 447 3556 ipse
468 3480 525 3541 hoc
547 3499 648 3541 amore
670 3481 775 3558 diguus
802 3479 839 3539 ab
867 3478 1003 3540 omnibus
1030 3479 1203 3557 putabatur:
1232 3486 1296 3541 erat
1321 3463 1447 3541 venusta¹
1468 3482 1557 3548 facie,
1585 3498 1677 3541 mem·

390 3579 506 3644 brorum
530 3584 703 3660 compagine
725 3582 944 3652 decentissima,
968 3590 1078 3643 statura
1101 3577 1387 3660 corporisprocera,
1410 3582 1461 3643 scd
1478 3601 1565 3662 quam
1580 3599 1677 3660 aequa·

389 3690 431 3742 ret
452 3684 526 3744 iusta
549 3684 751 3745 membrorum
768 3685 939 3762 proportio;
963 3685 992 3743 in
1016 3683 1096 3743 nullo
1119 3702 1177 3743 non
1198 3684 1354 3744 iuventutis
1370 3686 1529 3745 certamine
1550 3683 1679 3744 anteibat

389 3785 525 3863 acpxales,
549 3787 710 3854 currendo,
734 3784 880 3855 saltando,
904 3784 996 3854 lucta,
1021 3785 1212 3863 equitatione,
1236 3784 1381 3853 nataudo;
1405 3805 1440 3846 co
1461 3803 1531 3846 vero
1551 3785 1611 3845 ludi
1627 3804 1677 3863 gc·

360 3894 472 3956 nuere,
495 3906 554 3966 quo
577 3887 691 3947 obnixis
712 3888 803 3948 hastis
825 3888 928 3948 armati
951 3888 1063 3965 equites
1085 3893 1282 3956 concurrunt,
1312 3887 1387 3947 inter
1410 3888 1521 3964 primos
1543 3888 1674 3948 nomina·
1754 3925 1756 3930 >

389 3987 479 4050 batrrr.
523 3990 679 4067 Perspecto
703 3998 765 4050 erat
787 3991 849 4050 cius
870 3991 899 4050 in
928 3975 1012 4049 seriis
1041 4007 1158 4067 quoque
1186 3987 1332 4049 alacritas:
1362 3990 1458 4066 ipsum
1488 3987 1569 4050 illum
1598 3989 1744 4050 occi-tlt.

388 4110 480 4151 sorem
503 4093 566 4152 eius
588 4091 750 4152 audirimus
772 4091 908 4151 omuibus
930 4090 991 4151 suis
1013 4090 1168 4152 comitibus
1190 4091 1410 4169 preferentem:
1434 4091 1473 4150 ob
1497 4110 1604 4170 easque
1618 4092 1675 4152 vir·

388 4201 460 4254 tutes
489 4194 663 4253 narrabatur
694 4211 793 4252 amare
815 4211 882 4253 eum
905 4193 999 4253 unice.
1042 4193 1119 4270 quod
1142 4194 1253 4253 utinam
1275 4211 1335 4253 non
1358 4192 1593 4261 credidissemus
1617 4212 1676 4272 quo

387 4296 497 4362 sevitiae
520 4314 580 4354 sum
603 4278 768 4373 excrnplum
791 4296 821 4354 in
844 4293 900 4354 alio
924 4294 1020 4371 potius
1043 4294 1188 4355 edidisset.
1239 4294 1300 4374 alge
1328 4314 1397 4356 reru
1424 4303 1532 4373 quanta
1561 4315 1576 4355 a
1606 4305 1743 4357 senem.

357 4394 523 4457 ²tbeuebcia
545 4397 659 4473 accepit
679 4395 848 4465 sceleratus,
872 4393 988 4455 atliutus
1016 4398 1152 4473 per-unia,
1177 4397 1280 4466 armis,
1309 4398 1411 4458 officiis
1434 4398 1559 4475 denique
1582 4397 1675 4457 omni·

386 4495 452 4567 bus,
483 4497 508 4558 Χ
537 4497 614 4558 milia
644 4515 801 4559 aureorum
830 4515 983 4558 nummum
1013 4496 1093 4557 dedit
1114 4504 1217 4558 11111111
1239 4515 1347 4574 nuper,
1372 4516 1436 4576 quaa
1457 4497 1543 4558 hodie
1559 4515 1677 4575 quoque
1743 4552 1746 4558 .

384 4598 528 4660 debentur
550 4598 604 4667 illi:
628 4601 788 4679 quinetiam
810 4600 954 4677 equitatus
977 4597 1112 4659 celeriter
1134 4616 1169 4658 ex
1191 4599 1312 4658 Francis
1334 4599 1476 4666 mittendi,
1499 4616 1558 4677 quo
1579 4598 1675 4657 insur-

385 4709 483 4778 gentes
505 4702 661 4762 adversum
691 4719 723 4762 se
751 4698 909 4780 populares
936 4700 1117 4777 compescuit
1144 4698 1207 4767 ille,
1241 4698 1346 4758 unicus
1378 4715 1471 4775 prope
1499 4705 1584 4758 autor
1612 4698 1674 4759 luit.

450 4923 457 4956 ¹
476 4924 625 4989 propitium
638 4937 662 4972 e.
676 4922 711 4971 H.
725 4923 813 4971 Deum
828 4918 877 4970 3¹¹.
947 4919 958 4950 ⁵
977 4915 1110 4983 camnine]
1131 4916 1528 4970 ct.1nd.bibl.n⁰.xxl111.e
1568 4966 1571 4972 .
1590 4916 1610 4950 ¹⁴
1628 4918 1674 4968 do·

383 5008 440 5059 lieti
454 5011 515 5058 2.3.
551 5004 917 5072 ’11111111111]1111111111111ν
931 5005 1098 5060 Franconin.
1142 4999 1318 5069 ”ludigenl
1337 5002 1468 5052 Teurnier.
1504 4999 1673 5069 Μ1111111311.

383 5093 404 5125 ³¹
421 5095 509 5147 millia
527 5094 593 5162 ndtq.
602 5095 627 5142 3.
698 5091 720 5122 ³⁷
737 5088 852 5158 insurge]
871 5092 921 5140 den
933 5088 1112 5140 arroenKunz.
