<?xml version="1.0" encoding="UTF-8"?>
<!DOCTYPE html PUBLIC "-//W3C//DTD XHTML 1.0 Transitional//EN"
    "http://www.w3.org/TR/xhtml1/DTD/xhtml1-transitional.dtd">
<html xmlns="http://www.w3.org/1999/xhtml" xml:lang="en" lang="en">
 <head>
  <title>
</title>
<meta http-equiv="Content-Type" content="text/html;charset=utf-8" />
  <meta name='ocr-system' content='tesseract 3.04.00' />
  <meta name='ocr-capabilities' content='ocr_page ocr_carea ocr_par ocr_line ocrx_word'/>
</head>
<body>
  <div class='ocr_page' id='page_1' title='image "./ulrichihuttenie03huttgoog_0245.png"; bbox 0 0 4067 6209; ppageno 0'>
   <div class='ocr_carea' id='block_1_1' title="bbox 435 776 1654 849">
    <p class='ocr_par' dir='ltr' id='par_1_1' title="bbox 435 776 1654 849">
     <span class='ocr_line' id='line_1_1' title="bbox 435 776 1654 849; baseline 0.002 -13"><span class='ocrx_word' id='word_1_1' title='bbox 435 826 443 836; x_wconf 96' lang='lat'>.</span> <span class='ocrx_word' id='word_1_2' title='bbox 466 789 592 842; x_wconf 72' lang='lat' dir='ltr'><strong><em>xxxvl.</em></strong></span> <span class='ocrx_word' id='word_1_3' title='bbox 611 798 632 839; x_wconf 73' lang='lat'><em>2</em></span> <span class='ocrx_word' id='word_1_4' title='bbox 646 804 709 839; x_wconf 69' lang='lat' dir='ltr'><strong><em>nos.</em></strong></span> <span class='ocrx_word' id='word_1_5' title='bbox 724 804 805 840; x_wconf 71' lang='lat' dir='ltr'><strong><em>unssx</em></strong></span> <span class='ocrx_word' id='word_1_6' title='bbox 819 799 973 839; x_wconf 67' lang='lat' dir='ltr'><strong><em>aussoreno</em></strong></span> <span class='ocrx_word' id='word_1_7' title='bbox 986 801 1118 837; x_wconf 70' lang='lat' dir='ltr'><strong><em>unm.</em></strong></span> <span class='ocrx_word' id='word_1_8' title='bbox 1132 800 1168 836; x_wconf 74' lang='lat' dir='ltr'><strong><em>An</em></strong></span> <span class='ocrx_word' id='word_1_9' title='bbox 1181 800 1304 838; x_wconf 67' lang='lat' dir='ltr'><strong><em>avernia</em></strong></span> <span class='ocrx_word' id='word_1_10' title='bbox 1317 799 1534 839; x_wconf 64' lang='lat' dir='ltr'><strong><em>mammem:</em></strong></span> <span class='ocrx_word' id='word_1_11' title='bbox 1582 776 1654 849; x_wconf 82' lang='lat'><strong><em>115</em></strong></span> 
     </span>
    </p>
   </div>
   <div class='ocr_carea' id='block_1_2' title="bbox 451 958 1449 3588">
    <p class='ocr_par' dir='ltr' id='par_1_2' title="bbox 451 958 1449 3588">
     <span class='ocr_line' id='line_1_2' title="bbox 505 958 1388 1036; baseline -0.002 -14"><span class='ocrx_word' id='word_1_12' title='bbox 505 961 569 1022; x_wconf 85' lang='lat' dir='ltr'><strong><em>Sed</em></strong></span> <span class='ocrx_word' id='word_1_13' title='bbox 588 960 680 1036; x_wconf 82' lang='lat' dir='ltr'><strong><em>quod,</em></strong></span> <span class='ocrx_word' id='word_1_14' title='bbox 702 967 735 1020; x_wconf 86' lang='lat' dir='ltr'><strong><em>ut</em></strong></span> <span class='ocrx_word' id='word_1_15' title='bbox 752 968 874 1021; x_wconf 87' lang='lat' dir='ltr'><strong><em>assueta</em></strong></span> <span class='ocrx_word' id='word_1_16' title='bbox 893 965 952 1033; x_wconf 88' lang='lat' dir='ltr'><strong><em>est,</em></strong></span> <span class='ocrx_word' id='word_1_17' title='bbox 970 960 1134 1035; x_wconf 78' lang='lat' dir='ltr'><strong><em>preclaris</em></strong></span> <span class='ocrx_word' id='word_1_18' title='bbox 1155 958 1282 1033; x_wconf 81' lang='lat' dir='ltr'><strong><em>deropat</em></strong></span> <span class='ocrx_word' id='word_1_19' title='bbox 1300 962 1388 1032; x_wconf 84' lang='lat' dir='ltr'><strong><em>artis,</em></strong></span> 
     </span>
     <span class='ocr_line' id='line_1_3' title="bbox 578 1060 1163 1137; baseline -0.005 -15"><span class='ocrx_word' id='word_1_20' title='bbox 578 1064 630 1123; x_wconf 81' lang='lat' dir='ltr'><strong><em>Eu</em></strong></span> <span class='ocrx_word' id='word_1_21' title='bbox 651 1067 708 1124; x_wconf 81' lang='lat' dir='ltr'><strong><em>s‘sta</em></strong></span> <span class='ocrx_word' id='word_1_22' title='bbox 729 1064 811 1123; x_wconf 81' lang='lat' dir='ltr'><strong><em>nonis</em></strong></span> <span class='ocrx_word' id='word_1_23' title='bbox 822 1070 913 1137; x_wconf 87' lang='lat' dir='ltr'><strong><em>purte</em></strong></span> <span class='ocrx_word' id='word_1_24' title='bbox 930 1064 1066 1135; x_wconf 82' lang='lat' dir='ltr'><strong><em>malipna</em></strong></span> <span class='ocrx_word' id='word_1_25' title='bbox 1084 1060 1163 1134; x_wconf 84' lang='lat' dir='ltr'><strong><em>suit:</em></strong></span> 
     </span>
     <span class='ocr_line' id='line_1_4' title="bbox 506 1163 1238 1250; baseline -0.005 -25"><span class='ocrx_word' id='word_1_26' title='bbox 506 1167 634 1241; x_wconf 72' lang='lat' dir='ltr'><strong><em>Expulit</em></strong></span> <span class='ocrx_word' id='word_1_27' title='bbox 653 1167 782 1226; x_wconf 78' lang='lat' dir='ltr'><em>imbelles</em></span> <span class='ocrx_word' id='word_1_28' title='bbox 803 1166 930 1250; x_wconf 24' lang='lat' dir='ltr'><strong><em>Apono.</em></strong></span> <span class='ocrx_word' id='word_1_29' title='bbox 938 1166 1103 1239; x_wconf 72' lang='lat' dir='ltr'><strong><em>prasentia</em></strong></span> <span class='ocrx_word' id='word_1_30' title='bbox 1123 1163 1238 1235; x_wconf 82' lang='lat' dir='ltr'><em>Gallos,</em></span> 
     </span>
     <span class='ocr_line' id='line_1_5' title="bbox 451 1268 1255 1350; baseline -0.009 -20"><span class='ocrx_word' id='word_1_31' title='bbox 451 1290 477 1330; x_wconf 83' lang='lat' dir='ltr'><strong><em>u</em></strong></span> <span class='ocrx_word' id='word_1_32' title='bbox 564 1268 693 1350; x_wconf 28' lang='lat' dir='ltr'><strong><em>‘Tantus</em></strong></span> <span class='ocrx_word' id='word_1_33' title='bbox 714 1272 746 1329; x_wconf 92' lang='lat' dir='ltr'><strong><em>in</em></strong></span> <span class='ocrx_word' id='word_1_34' title='bbox 768 1268 900 1340; x_wconf 78' lang='lat' dir='ltr'><strong><em>Aupusto</em></strong></span> <span class='ocrx_word' id='word_1_35' title='bbox 921 1268 1038 1326; x_wconf 88' lang='lat' dir='ltr'><strong><em>nomine</em></strong></span> <span class='ocrx_word' id='word_1_36' title='bbox 1059 1271 1158 1324; x_wconf 87' lang='lat' dir='ltr'><strong><em>terror</em></strong></span> <span class='ocrx_word' id='word_1_37' title='bbox 1173 1271 1255 1336; x_wconf 88' lang='lat' dir='ltr'><strong><em>erat,</em></strong></span> 
     </span>
     <span class='ocr_line' id='line_1_6' title="bbox 506 1367 1247 1447; baseline -0.001 -18"><span class='ocrx_word' id='word_1_38' title='bbox 506 1371 547 1430; x_wconf 88' lang='lat' dir='ltr'><strong><em>Et</em></strong></span> <span class='ocrx_word' id='word_1_39' title='bbox 566 1388 662 1447; x_wconf 84' lang='lat' dir='ltr'><strong><em>neque</em></strong></span> <span class='ocrx_word' id='word_1_40' title='bbox 678 1371 816 1431; x_wconf 73' lang='lat' dir='ltr'><em>sustinuit</em></span> <span class='ocrx_word' id='word_1_41' title='bbox 832 1376 987 1429; x_wconf 83' lang='lat' dir='ltr'><em>metantem</em></span> <span class='ocrx_word' id='word_1_42' title='bbox 1003 1375 1106 1427; x_wconf 88' lang='lat' dir='ltr'><strong><em>castra</em></strong></span> <span class='ocrx_word' id='word_1_43' title='bbox 1130 1367 1247 1446; x_wconf 82' lang='lat' dir='ltr'><strong><em>videre,</em></strong></span> 
     </span>
     <span class='ocr_line' id='line_1_7' title="bbox 580 1461 1245 1548; baseline -0.005 -16"><span class='ocrx_word' id='word_1_44' title='bbox 580 1472 669 1544; x_wconf 83' lang='lat' dir='ltr'><strong><em>Quem</em></strong></span> <span class='ocrx_word' id='word_1_45' title='bbox 683 1461 808 1548; x_wconf 79' lang='lat' dir='ltr'><strong><em>poterat</em></strong></span> <span class='ocrx_word' id='word_1_46' title='bbox 824 1471 887 1532; x_wconf 85' lang='lat' dir='ltr'><strong><em>diei</em></strong></span> <span class='ocrx_word' id='word_1_47' title='bbox 906 1487 966 1531; x_wconf 91' lang='lat' dir='ltr'><strong><em>non</em></strong></span> <span class='ocrx_word' id='word_1_48' title='bbox 984 1472 1113 1530; x_wconf 80' lang='lat' dir='ltr'><strong><em>timuisse</em></strong></span> <span class='ocrx_word' id='word_1_49' title='bbox 1129 1471 1245 1545; x_wconf 82' lang='lat' dir='ltr'><strong><em>prius,··</em></strong></span> 
     </span>
     <span class='ocr_line' id='line_1_8' title="bbox 507 1572 1349 1650; baseline -0.001 -16"><span class='ocrx_word' id='word_1_50' title='bbox 507 1574 649 1650; x_wconf 81' lang='lat' dir='ltr'><strong><em>Quodque</em></strong></span> <span class='ocrx_word' id='word_1_51' title='bbox 670 1577 768 1634; x_wconf 85' lang='lat' dir='ltr'><strong><em>minus</em></strong></span> <span class='ocrx_word' id='word_1_52' title='bbox 781 1575 877 1649; x_wconf 86' lang='lat' dir='ltr'><strong><em>potuit</em></strong></span> <span class='ocrx_word' id='word_1_53' title='bbox 898 1575 1022 1649; x_wconf 87' lang='lat' dir='ltr'><strong><em>sumptis</em></strong></span> <span class='ocrx_word' id='word_1_54' title='bbox 1044 1572 1169 1632; x_wconf 78' lang='lat' dir='ltr'><em>bellator</em></span> <span class='ocrx_word' id='word_1_55' title='bbox 1189 1574 1221 1631; x_wconf 88' lang='lat' dir='ltr'><strong><em>in</em></strong></span> <span class='ocrx_word' id='word_1_56' title='bbox 1241 1574 1349 1646; x_wconf 83' lang='lat' dir='ltr'><strong><em>armis,</em></strong></span> 
     </span>
     <span class='ocr_line' id='line_1_9' title="bbox 452 1675 1226 1752; baseline -0.005 -15"><span class='ocrx_word' id='word_1_57' title='bbox 452 1697 478 1738; x_wconf 80' lang='lat' dir='ltr'><strong><em>n</em></strong></span> <span class='ocrx_word' id='word_1_58' title='bbox 582 1676 735 1748; x_wconf 69' lang='lat' dir='ltr'><strong><em>lentatum</em></strong></span> <span class='ocrx_word' id='word_1_59' title='bbox 753 1676 894 1752; x_wconf 76' lang='lat' dir='ltr'><strong><em>precibus</em></strong></span> <span class='ocrx_word' id='word_1_60' title='bbox 908 1692 989 1750; x_wconf 88' lang='lat' dir='ltr'><strong><em>pene</em></strong></span> <span class='ocrx_word' id='word_1_61' title='bbox 1002 1675 1123 1750; x_wconf 83' lang='lat' dir='ltr'><strong><em>perepit</em></strong></span> <span class='ocrx_word' id='word_1_62' title='bbox 1142 1689 1226 1749; x_wconf 90' lang='lat' dir='ltr'><strong><em>opus.</em></strong></span> 
     </span>
     <span class='ocr_line' id='line_1_10' title="bbox 507 1775 1235 1851; baseline -0.003 -10"><span class='ocrx_word' id='word_1_63' title='bbox 507 1780 570 1841; x_wconf 85' lang='lat' dir='ltr'><strong><em>Sed</em></strong></span> <span class='ocrx_word' id='word_1_64' title='bbox 588 1786 669 1839; x_wconf 88' lang='lat' dir='ltr'><strong><em>retro</em></strong></span> <span class='ocrx_word' id='word_1_65' title='bbox 685 1780 806 1838; x_wconf 78' lang='lat' dir='ltr'><strong><em>cessisse</em></strong></span> <span class='ocrx_word' id='word_1_66' title='bbox 827 1778 909 1836; x_wconf 88' lang='lat' dir='ltr'><strong><em>doles</em></strong></span> <span class='ocrx_word' id='word_1_67' title='bbox 926 1778 1119 1851; x_wconf 72' lang='lat' dir='ltr'><strong><em>qumanana</em></strong></span> <span class='ocrx_word' id='word_1_68' title='bbox 1136 1775 1235 1849; x_wconf 81' lang='lat' dir='ltr'><strong><em>sut&#39;sse</em></strong></span> 
     </span>
     <span class='ocr_line' id='line_1_11' title="bbox 581 1878 1230 1967; baseline -0.003 -26"><span class='ocrx_word' id='word_1_69' title='bbox 581 1882 646 1941; x_wconf 88' lang='lat' dir='ltr'><strong><em>Non</em></strong></span> <span class='ocrx_word' id='word_1_70' title='bbox 668 1878 741 1940; x_wconf 88' lang='lat' dir='ltr'><strong><em>satis</em></strong></span> <span class='ocrx_word' id='word_1_71' title='bbox 761 1882 842 1939; x_wconf 89' lang='lat' dir='ltr'><strong><em>irata</em></strong></span> <span class='ocrx_word' id='word_1_72' title='bbox 860 1878 995 1967; x_wconf 76' lang='lat' dir='ltr'><strong><em>fulmina</em></strong></span> <span class='ocrx_word' id='word_1_73' title='bbox 1017 1880 1100 1939; x_wconf 84' lang='lat' dir='ltr'><strong><em>iacto</em></strong></span> <span class='ocrx_word' id='word_1_74' title='bbox 1120 1894 1230 1939; x_wconf 89' lang='lat' dir='ltr'><strong><em>manu:</em></strong></span> 
     </span>
     <span class='ocr_line' id='line_1_12' title="bbox 508 1961 1363 2057; baseline 0 -14"><span class='ocrx_word' id='word_1_75' title='bbox 508 1984 646 2046; x_wconf 80' lang='lat' dir='ltr'><strong><em>Hostili</em></strong></span> <span class='ocrx_word' id='word_1_76' title='bbox 664 1961 809 2056; x_wconf 76' lang='lat' dir='ltr'><strong><em>quiequid</em></strong></span> <span class='ocrx_word' id='word_1_77' title='bbox 829 1988 910 2055; x_wconf 87' lang='lat' dir='ltr'><strong><em>erat,</em></strong></span> <span class='ocrx_word' id='word_1_78' title='bbox 930 1980 1068 2054; x_wconf 66' lang='lat' dir='ltr'><strong><em>fauente</em></strong></span> <span class='ocrx_word' id='word_1_79' title='bbox 1085 1982 1275 2057; x_wconf 81' lang='lat' dir='ltr'><strong><em>pepercimus</em></strong></span> <span class='ocrx_word' id='word_1_80' title='bbox 1296 1982 1363 2055; x_wconf 82' lang='lat' dir='ltr'><strong><em>ista,</em></strong></span> 
     </span>
     <span class='ocr_line' id='line_1_13' title="bbox 452 2084 1248 2158; baseline -0.001 -14"><span class='ocrx_word' id='word_1_81' title='bbox 452 2105 478 2144; x_wconf 74' lang='lat' dir='ltr'><strong><em>su</em></strong></span> <span class='ocrx_word' id='word_1_82' title='bbox 578 2086 668 2145; x_wconf 85' lang='lat' dir='ltr'><strong><em>Cuius</em></strong></span> <span class='ocrx_word' id='word_1_83' title='bbox 687 2101 755 2143; x_wconf 89' lang='lat' dir='ltr'><strong><em>eras</em></strong></span> <span class='ocrx_word' id='word_1_84' title='bbox 775 2084 857 2143; x_wconf 76' lang='lat' dir='ltr'><strong><em>nodis</em></strong></span> <span class='ocrx_word' id='word_1_85' title='bbox 878 2084 1004 2143; x_wconf 73' lang='lat' dir='ltr'><strong><em>omnine</em></strong></span> <span class='ocrx_word' id='word_1_86' title='bbox 1022 2099 1100 2158; x_wconf 89' lang='lat' dir='ltr'><strong><em>pene</em></strong></span> <span class='ocrx_word' id='word_1_87' title='bbox 1121 2099 1248 2153; x_wconf 64' lang='lat' dir='ltr'><strong><em>nocens·</em></strong></span> 
     </span>
     <span class='ocr_line' id='line_1_14' title="bbox 508 2185 1241 2260; baseline -0.007 -12"><span class='ocrx_word' id='word_1_88' title='bbox 508 2189 545 2248; x_wconf 89' lang='lat' dir='ltr'><strong><em>In</em></strong></span> <span class='ocrx_word' id='word_1_89' title='bbox 570 2195 622 2248; x_wconf 89' lang='lat' dir='ltr'><strong><em>tua</em></strong></span> <span class='ocrx_word' id='word_1_90' title='bbox 643 2203 696 2245; x_wconf 92' lang='lat' dir='ltr'><strong><em>nos</em></strong></span> <span class='ocrx_word' id='word_1_91' title='bbox 714 2189 817 2260; x_wconf 88' lang='lat' dir='ltr'><strong><em>patrio</em></strong></span> <span class='ocrx_word' id='word_1_92' title='bbox 833 2187 975 2259; x_wconf 80' lang='lat' dir='ltr'><strong><em>pressari</em></strong></span> <span class='ocrx_word' id='word_1_93' title='bbox 994 2186 1110 2245; x_wconf 67' lang='lat' dir='ltr'><strong><em>onoma</em></strong></span> <span class='ocrx_word' id='word_1_94' title='bbox 1131 2185 1241 2244; x_wconf 79' lang='lat' dir='ltr'><strong><em>deutra</em></strong></span> 
     </span>
     <span class='ocr_line' id='line_1_15' title="bbox 579 2287 1363 2365; baseline -0.004 -17"><span class='ocrx_word' id='word_1_95' title='bbox 579 2291 675 2362; x_wconf 83' lang='lat' dir='ltr'><strong><em>Finpe</em></strong></span> <span class='ocrx_word' id='word_1_96' title='bbox 694 2305 767 2365; x_wconf 80' lang='lat' dir='ltr'><strong><em>ape,</em></strong></span> <span class='ocrx_word' id='word_1_97' title='bbox 788 2296 817 2347; x_wconf 89' lang='lat' dir='ltr'><strong><em>et</em></strong></span> <span class='ocrx_word' id='word_1_98' title='bbox 836 2287 892 2346; x_wconf 82' lang='lat' dir='ltr'><strong><em>noo</em></strong></span> <span class='ocrx_word' id='word_1_99' title='bbox 913 2289 1022 2361; x_wconf 83' lang='lat' dir='ltr'><strong><em>aliquis</em></strong></span> <span class='ocrx_word' id='word_1_100' title='bbox 1042 2289 1093 2348; x_wconf 86' lang='lat' dir='ltr'><strong><em>oui</em></strong></span> <span class='ocrx_word' id='word_1_101' title='bbox 1106 2288 1269 2362; x_wconf 82' lang='lat' dir='ltr'><strong><em>placuisset</em></strong></span> <span class='ocrx_word' id='word_1_102' title='bbox 1282 2295 1363 2360; x_wconf 88' lang='lat' dir='ltr'><strong><em>erat,</em></strong></span> 
     </span>
     <span class='ocr_line' id='line_1_16' title="bbox 509 2389 1205 2468; baseline -0.006 -16"><span class='ocrx_word' id='word_1_103' title='bbox 509 2392 546 2452; x_wconf 80' lang='lat' dir='ltr'><strong><em>m</em></strong></span> <span class='ocrx_word' id='word_1_104' title='bbox 558 2394 644 2468; x_wconf 87' lang='lat' dir='ltr'><strong><em>potui</em></strong></span> <span class='ocrx_word' id='word_1_105' title='bbox 662 2398 691 2450; x_wconf 89' lang='lat' dir='ltr'><strong><em>et</em></strong></span> <span class='ocrx_word' id='word_1_106' title='bbox 711 2391 790 2450; x_wconf 84' lang='lat' dir='ltr'><strong><em>volui</em></strong></span> <span class='ocrx_word' id='word_1_107' title='bbox 809 2389 958 2449; x_wconf 85' lang='lat' dir='ltr'><strong><em>cedentem</em></strong></span> <span class='ocrx_word' id='word_1_108' title='bbox 974 2392 1092 2464; x_wconf 80' lang='lat' dir='ltr'><strong><em>lampius</em></strong></span> <span class='ocrx_word' id='word_1_109' title='bbox 1109 2390 1205 2463; x_wconf 85' lang='lat' dir='ltr'><strong><em>ipsum</em></strong></span> 
     </span>
     <span class='ocr_line' id='line_1_17' title="bbox 452 2492 1197 2567; baseline -0.001 -17"><span class='ocrx_word' id='word_1_110' title='bbox 452 2511 478 2550; x_wconf 80' lang='lat' dir='ltr'><strong><em>ss</em></strong></span> <span class='ocrx_word' id='word_1_111' title='bbox 577 2493 701 2567; x_wconf 75' lang='lat' dir='ltr'><strong><em>Infestis</em></strong></span> <span class='ocrx_word' id='word_1_112' title='bbox 719 2492 835 2565; x_wconf 81' lang='lat' dir='ltr'><strong><em>Aquilr&#39;s</em></strong></span> <span class='ocrx_word' id='word_1_113' title='bbox 856 2495 888 2551; x_wconf 87' lang='lat' dir='ltr'><strong><em>in</em></strong></span> <span class='ocrx_word' id='word_1_114' title='bbox 908 2508 964 2551; x_wconf 89' lang='lat' dir='ltr'><strong><em>suo</em></strong></span> <span class='ocrx_word' id='word_1_115' title='bbox 984 2508 1081 2566; x_wconf 79' lang='lat' dir='ltr'><strong><em>repna</em></strong></span> <span class='ocrx_word' id='word_1_116' title='bbox 1098 2493 1197 2566; x_wconf 85' lang='lat' dir='ltr'><strong><em>sequi:</em></strong></span> 
     </span>
     <span class='ocr_line' id='line_1_18' title="bbox 509 2591 1449 2669; baseline -0.001 -14"><span class='ocrx_word' id='word_1_117' title='bbox 509 2598 570 2667; x_wconf 72' lang='lat' dir='ltr'><strong><em>(lito</em></strong></span> <span class='ocrx_word' id='word_1_118' title='bbox 591 2598 687 2655; x_wconf 87' lang='lat' dir='ltr'><strong><em>minus</em></strong></span> <span class='ocrx_word' id='word_1_119' title='bbox 703 2594 737 2653; x_wconf 90' lang='lat' dir='ltr'><strong><em>id</em></strong></span> <span class='ocrx_word' id='word_1_120' title='bbox 748 2610 881 2669; x_wconf 87' lang='lat' dir='ltr'><strong><em>possem,</em></strong></span> <span class='ocrx_word' id='word_1_121' title='bbox 899 2597 1084 2654; x_wconf 86' lang='lat' dir='ltr'><strong><em>commissum</em></strong></span> <span class='ocrx_word' id='word_1_122' title='bbox 1106 2600 1150 2652; x_wconf 88' lang='lat' dir='ltr'><strong><em>est</em></strong></span> <span class='ocrx_word' id='word_1_123' title='bbox 1167 2591 1285 2665; x_wconf 81' lang='lat' dir='ltr'><strong><em>froude</em></strong></span> <span class='ocrx_word' id='word_1_124' title='bbox 1303 2609 1449 2666; x_wconf 86' lang='lat' dir='ltr'><strong><em>meorum,</em></strong></span> 
     </span>
     <span class='ocr_line' id='line_1_19' title="bbox 580 2693 1324 2768; baseline 0 -13"><span class='ocrx_word' id='word_1_125' title='bbox 580 2697 646 2758; x_wconf 89' lang='lat' dir='ltr'><strong><em>Heu</em></strong></span> <span class='ocrx_word' id='word_1_126' title='bbox 667 2698 755 2755; x_wconf 88' lang='lat' dir='ltr'><strong><em>etiam</em></strong></span> <span class='ocrx_word' id='word_1_127' title='bbox 777 2699 885 2755; x_wconf 88' lang='lat' dir='ltr'><strong><em>nostris</em></strong></span> <span class='ocrx_word' id='word_1_128' title='bbox 906 2714 986 2755; x_wconf 86' lang='lat' dir='ltr'><strong><em>nane</em></strong></span> <span class='ocrx_word' id='word_1_129' title='bbox 1007 2698 1086 2756; x_wconf 90' lang='lat' dir='ltr'><strong><em>mule</em></strong></span> <span class='ocrx_word' id='word_1_130' title='bbox 1106 2702 1212 2755; x_wconf 85' lang='lat' dir='ltr'><strong><em>sanata</em></strong></span> <span class='ocrx_word' id='word_1_131' title='bbox 1230 2693 1324 2768; x_wconf 78' lang='lat' dir='ltr'><strong><em>fides!</em></strong></span> 
     </span>
     <span class='ocr_line' id='line_1_20' title="bbox 507 2798 1348 2872; baseline -0.001 -13"><span class='ocrx_word' id='word_1_132' title='bbox 507 2800 614 2860; x_wconf 84' lang='lat' dir='ltr'><strong><em>Prisca</em></strong></span> <span class='ocrx_word' id='word_1_133' title='bbox 630 2799 720 2872; x_wconf 84' lang='lat' dir='ltr'><strong><em>fidem</em></strong></span> <span class='ocrx_word' id='word_1_134' title='bbox 740 2801 830 2858; x_wconf 84' lang='lat' dir='ltr'><strong><em>coluit</em></strong></span> <span class='ocrx_word' id='word_1_135' title='bbox 847 2806 982 2859; x_wconf 84' lang='lat' dir='ltr'><strong><em>sanatam</em></strong></span> <span class='ocrx_word' id='word_1_136' title='bbox 1003 2798 1181 2869; x_wconf 84' lang='lat' dir='ltr'><strong><em>Germania,</em></strong></span> <span class='ocrx_word' id='word_1_137' title='bbox 1204 2815 1259 2858; x_wconf 86' lang='lat' dir='ltr'><strong><em>nee</em></strong></span> <span class='ocrx_word' id='word_1_138' title='bbox 1273 2814 1348 2871; x_wconf 84' lang='lat' dir='ltr'><strong><em>pens</em></strong></span> 
     </span>
     <span class='ocr_line' id='line_1_21' title="bbox 454 2899 1246 2975; baseline 0 -16"><span class='ocrx_word' id='word_1_139' title='bbox 454 2920 479 2959; x_wconf 85' lang='lat' dir='ltr'><strong><em>so</em></strong></span> <span class='ocrx_word' id='word_1_140' title='bbox 580 2903 698 2961; x_wconf 84' lang='lat' dir='ltr'><strong><em>Clarior</em></strong></span> <span class='ocrx_word' id='word_1_141' title='bbox 714 2901 772 2959; x_wconf 73' lang='lat' dir='ltr'><strong><em>liae</em></strong></span> <span class='ocrx_word' id='word_1_142' title='bbox 793 2901 888 2973; x_wconf 82' lang='lat' dir='ltr'><strong><em>nolis,</em></strong></span> <span class='ocrx_word' id='word_1_143' title='bbox 911 2904 990 2960; x_wconf 90' lang='lat' dir='ltr'><strong><em>testis</em></strong></span> <span class='ocrx_word' id='word_1_144' title='bbox 1011 2917 1043 2960; x_wconf 90' lang='lat' dir='ltr'><strong><em>es</em></strong></span> <span class='ocrx_word' id='word_1_145' title='bbox 1063 2902 1146 2975; x_wconf 74' lang='lat' dir='ltr'><strong><em>ipso,</em></strong></span> <span class='ocrx_word' id='word_1_146' title='bbox 1163 2899 1246 2973; x_wconf 84' lang='lat' dir='ltr'><strong><em>suit;</em></strong></span> 
     </span>
     <span class='ocr_line' id='line_1_22' title="bbox 509 3002 1346 3078; baseline 0 -17"><span class='ocrx_word' id='word_1_147' title='bbox 509 3004 595 3063; x_wconf 84' lang='lat' dir='ltr'><strong><em>Nune</em></strong></span> <span class='ocrx_word' id='word_1_148' title='bbox 613 3021 670 3063; x_wconf 74' lang='lat' dir='ltr'><strong><em>ata</em></strong></span> <span class='ocrx_word' id='word_1_149' title='bbox 688 3002 828 3078; x_wconf 73' lang='lat' dir='ltr'><strong><em>perfidioe</em></strong></span> <span class='ocrx_word' id='word_1_150' title='bbox 845 3005 959 3077; x_wconf 86' lang='lat' dir='ltr'><strong><em>passim</em></strong></span> <span class='ocrx_word' id='word_1_151' title='bbox 980 3009 1051 3061; x_wconf 92' lang='lat' dir='ltr'><strong><em>sunt</em></strong></span> <span class='ocrx_word' id='word_1_152' title='bbox 1066 3006 1211 3077; x_wconf 79' lang='lat' dir='ltr'><strong><em>proemio,</em></strong></span> <span class='ocrx_word' id='word_1_153' title='bbox 1230 3004 1346 3077; x_wconf 88' lang='lat' dir='ltr'><strong><em>passim</em></strong></span> 
     </span>
     <span class='ocr_line' id='line_1_23' title="bbox 579 3105 1312 3179; baseline 0 -15"><span class='ocrx_word' id='word_1_154' title='bbox 579 3105 701 3178; x_wconf 84' lang='lat' dir='ltr'><strong><em>Perfida</em></strong></span> <span class='ocrx_word' id='word_1_155' title='bbox 717 3107 866 3178; x_wconf 75' lang='lat' dir='ltr'><strong><em>sacrilepa</em></strong></span> <span class='ocrx_word' id='word_1_156' title='bbox 887 3121 944 3179; x_wconf 93' lang='lat' dir='ltr'><strong><em>pro</em></strong></span> <span class='ocrx_word' id='word_1_157' title='bbox 965 3106 1041 3179; x_wconf 94' lang='lat' dir='ltr'><strong><em>stipe</em></strong></span> <span class='ocrx_word' id='word_1_158' title='bbox 1059 3112 1161 3164; x_wconf 87' lang='lat' dir='ltr'><strong><em>eastra</em></strong></span> <span class='ocrx_word' id='word_1_159' title='bbox 1182 3112 1312 3164; x_wconf 89' lang='lat' dir='ltr'><strong><em>merent:</em></strong></span> 
     </span>
     <span class='ocr_line' id='line_1_24' title="bbox 509 3207 1380 3287; baseline -0.001 -21"><span class='ocrx_word' id='word_1_160' title='bbox 509 3207 655 3277; x_wconf 76' lang='lat' dir='ltr'><strong><em>Quantum</em></strong></span> <span class='ocrx_word' id='word_1_161' title='bbox 676 3213 707 3266; x_wconf 90' lang='lat' dir='ltr'><strong><em>tu</em></strong></span> <span class='ocrx_word' id='word_1_162' title='bbox 724 3223 864 3281; x_wconf 84' lang='lat' dir='ltr'><strong><em>cuperes,</em></strong></span> <span class='ocrx_word' id='word_1_163' title='bbox 881 3209 910 3266; x_wconf 88' lang='lat' dir='ltr'><strong><em>si</em></strong></span> <span class='ocrx_word' id='word_1_164' title='bbox 924 3212 1028 3282; x_wconf 83' lang='lat' dir='ltr'><strong><em>posses</em></strong></span> <span class='ocrx_word' id='word_1_165' title='bbox 1047 3223 1118 3265; x_wconf 85' lang='lat' dir='ltr'><strong><em>aera</em></strong></span> <span class='ocrx_word' id='word_1_166' title='bbox 1140 3223 1267 3281; x_wconf 74' lang='lat' dir='ltr'><strong><em>nepare,</em></strong></span> <span class='ocrx_word' id='word_1_167' title='bbox 1374 3277 1380 3287; x_wconf 31' lang='grc' dir='ltr'>ι</span> 
     </span>
     <span class='ocr_line' id='line_1_25' title="bbox 452 3305 1224 3385; baseline 0.003 -18"><span class='ocrx_word' id='word_1_168' title='bbox 452 3327 477 3367; x_wconf 78' lang='lat' dir='ltr'><strong><em>ss</em></strong></span> <span class='ocrx_word' id='word_1_169' title='bbox 577 3310 676 3385; x_wconf 79' lang='lat' dir='ltr'><strong><em>Apula</em></strong></span> <span class='ocrx_word' id='word_1_170' title='bbox 693 3325 751 3368; x_wconf 92' lang='lat' dir='ltr'><strong><em>non</em></strong></span> <span class='ocrx_word' id='word_1_171' title='bbox 767 3311 867 3384; x_wconf 86' lang='lat' dir='ltr'><strong><em>aliquo</em></strong></span> <span class='ocrx_word' id='word_1_172' title='bbox 881 3310 1002 3384; x_wconf 89' lang='lat' dir='ltr'><strong><em>prodita</em></strong></span> <span class='ocrx_word' id='word_1_173' title='bbox 1017 3325 1114 3383; x_wconf 77' lang='lat' dir='ltr'><strong><em>repno</em></strong></span> <span class='ocrx_word' id='word_1_174' title='bbox 1135 3305 1224 3369; x_wconf 81' lang='lat' dir='ltr'><strong><em>doio?</em></strong></span> 
     </span>
     <span class='ocr_line' id='line_1_26' title="bbox 509 3410 1296 3486; baseline 0 -16"><span class='ocrx_word' id='word_1_175' title='bbox 509 3412 602 3482; x_wconf 60' lang='lat' dir='ltr'><strong><em>wem</em></strong></span> <span class='ocrx_word' id='word_1_176' title='bbox 623 3414 701 3470; x_wconf 90' lang='lat' dir='ltr'><strong><em>mule</em></strong></span> <span class='ocrx_word' id='word_1_177' title='bbox 718 3412 883 3470; x_wconf 79' lang='lat' dir='ltr'><strong><em>dissimulat</em></strong></span> <span class='ocrx_word' id='word_1_178' title='bbox 900 3412 954 3470; x_wconf 83' lang='lat' dir='ltr'><strong><em>sul</em></strong></span> <span class='ocrx_word' id='word_1_179' title='bbox 973 3413 1141 3486; x_wconf 84' lang='lat' dir='ltr'><strong><em>proditione</em></strong></span> <span class='ocrx_word' id='word_1_180' title='bbox 1159 3410 1296 3484; x_wconf 80' lang='lat' dir='ltr'><strong><em>nefanda</em></strong></span> 
     </span>
     <span class='ocr_line' id='line_1_27' title="bbox 579 3508 1314 3588; baseline 0 -17"><span class='ocrx_word' id='word_1_181' title='bbox 579 3514 695 3588; x_wconf 83' lang='lat' dir='ltr'><strong><em>Cepisse</em></strong></span> <span class='ocrx_word' id='word_1_182' title='bbox 715 3514 912 3586; x_wconf 76' lang='lat' dir='ltr'><strong><em>anpuiperum</em></strong></span> <span class='ocrx_word' id='word_1_183' title='bbox 935 3514 1053 3574; x_wconf 84' lang='lat' dir='ltr'><strong><em>Gallico</em></strong></span> <span class='ocrx_word' id='word_1_184' title='bbox 1073 3516 1165 3574; x_wconf 88' lang='lat' dir='ltr'><strong><em>orista</em></strong></span> <span class='ocrx_word' id='word_1_185' title='bbox 1188 3508 1314 3572; x_wconf 75' lang='lat' dir='ltr'><strong><em>dinem?</em></strong></span> 
     </span>
    </p>
   </div>
   <div class='ocr_carea' id='block_1_3' title="bbox 450 3581 1422 4203">
    <p class='ocr_par' dir='ltr' id='par_1_3' title="bbox 450 3581 1422 4203">
     <span class='ocr_line' id='line_1_28' title="bbox 507 3581 1422 3690; baseline -0.003 -15"><span class='ocrx_word' id='word_1_186' title='bbox 507 3615 565 3675; x_wconf 86' lang='lat' dir='ltr'><strong><em>Nos</em></strong></span> <span class='ocrx_word' id='word_1_187' title='bbox 584 3632 711 3689; x_wconf 75' lang='lat' dir='ltr'><strong><em>quoqne,</em></strong></span> <span class='ocrx_word' id='word_1_188' title='bbox 733 3615 779 3673; x_wconf 88' lang='lat' dir='ltr'><strong><em>dii</em></strong></span> <span class='ocrx_word' id='word_1_189' title='bbox 789 3614 944 3687; x_wconf 81' lang='lat' dir='ltr'><strong><em>facerent,</em></strong></span> <span class='ocrx_word' id='word_1_190' title='bbox 966 3633 1025 3675; x_wconf 91' lang='lat' dir='ltr'><strong><em>non</em></strong></span> <span class='ocrx_word' id='word_1_191' title='bbox 1046 3617 1175 3690; x_wconf 83' lang='lat' dir='ltr'><strong><em>amptius</em></strong></span> <span class='ocrx_word' id='word_1_192' title='bbox 1197 3608 1258 3674; x_wconf 55' lang='lat' dir='ltr'><strong><em>isto¹</em></strong></span> <span class='ocrx_word' id='word_1_193' title='bbox 1271 3581 1422 3689; x_wconf 47' lang='lat' dir='ltr'><strong><em>petissem·</em></strong></span> 
     </span>
     <span class='ocr_line' id='line_1_29' title="bbox 452 3706 1270 3792; baseline -0.004 -15"><span class='ocrx_word' id='word_1_194' title='bbox 452 3706 478 3742; x_wconf 65' lang='lat'><strong><em>¹³³</em></strong></span> <span class='ocrx_word' id='word_1_195' title='bbox 576 3717 704 3791; x_wconf 82' lang='lat' dir='ltr'><strong><em>Solaque</em></strong></span> <span class='ocrx_word' id='word_1_196' title='bbox 726 3717 764 3775; x_wconf 91' lang='lat' dir='ltr'><strong><em>de</em></strong></span> <span class='ocrx_word' id='word_1_197' title='bbox 783 3718 865 3776; x_wconf 80' lang='lat' dir='ltr'><strong><em>nohis</em></strong></span> <span class='ocrx_word' id='word_1_198' title='bbox 879 3718 1015 3792; x_wconf 81' lang='lat' dir='ltr'><strong><em>perfida,</em></strong></span> <span class='ocrx_word' id='word_1_199' title='bbox 1037 3717 1148 3791; x_wconf 83' lang='lat' dir='ltr'><strong><em>Brupi,</em></strong></span> <span class='ocrx_word' id='word_1_200' title='bbox 1168 3716 1270 3789; x_wconf 69' lang='lat' dir='ltr'><strong><em>sores·</em></strong></span> 
     </span>
     <span class='ocr_line' id='line_1_30' title="bbox 503 3818 1323 3894; baseline -0.001 -15"><span class='ocrx_word' id='word_1_201' title='bbox 503 3820 571 3879; x_wconf 87' lang='lat' dir='ltr'><strong><em>Iam</em></strong></span> <span class='ocrx_word' id='word_1_202' title='bbox 590 3837 685 3894; x_wconf 82' lang='lat' dir='ltr'><strong><em>neque</em></strong></span> <span class='ocrx_word' id='word_1_203' title='bbox 704 3822 773 3894; x_wconf 89' lang='lat' dir='ltr'><strong><em>plus</em></strong></span> <span class='ocrx_word' id='word_1_204' title='bbox 793 3821 884 3886; x_wconf 86' lang='lat' dir='ltr'><strong><em>nimio</em></strong></span> <span class='ocrx_word' id='word_1_205' title='bbox 904 3821 1060 3879; x_wconf 78' lang='lat' dir='ltr'><strong><em>tardantes</em></strong></span> <span class='ocrx_word' id='word_1_206' title='bbox 1077 3826 1180 3894; x_wconf 79' lang='lat' dir='ltr'><strong><em>questa</em></strong></span> <span class='ocrx_word' id='word_1_207' title='bbox 1198 3818 1323 3893; x_wconf 79' lang='lat' dir='ltr'><strong><em>fuisses,</em></strong></span> 
     </span>
     <span class='ocr_line' id='line_1_31' title="bbox 577 3923 1210 3997; baseline -0.002 -16"><span class='ocrx_word' id='word_1_208' title='bbox 577 3923 673 3997; x_wconf 82' lang='lat' dir='ltr'><strong><em>Inque</em></strong></span> <span class='ocrx_word' id='word_1_209' title='bbox 692 3924 760 3981; x_wconf 84' lang='lat' dir='ltr'><strong><em>sina</em></strong></span> <span class='ocrx_word' id='word_1_210' title='bbox 776 3930 900 3996; x_wconf 91' lang='lat' dir='ltr'><strong><em>poteras</em></strong></span> <span class='ocrx_word' id='word_1_211' title='bbox 920 3938 973 3981; x_wconf 90' lang='lat' dir='ltr'><strong><em>nos</em></strong></span> <span class='ocrx_word' id='word_1_212' title='bbox 994 3923 1132 3982; x_wconf 70' lang='lat' dir='ltr'><strong><em>naouuse</em></strong></span> <span class='ocrx_word' id='word_1_213' title='bbox 1151 3929 1210 3981; x_wconf 90' lang='lat' dir='ltr'><strong><em>tuo.</em></strong></span> 
     </span>
     <span class='ocr_line' id='line_1_32' title="bbox 508 4023 1399 4100; baseline 0 -18"><span class='ocrx_word' id='word_1_214' title='bbox 508 4024 592 4094; x_wconf 80' lang='lat' dir='ltr'><strong><em>Quod</em></strong></span> <span class='ocrx_word' id='word_1_215' title='bbox 607 4041 701 4098; x_wconf 82' lang='lat' dir='ltr'><strong><em>neque</em></strong></span> <span class='ocrx_word' id='word_1_216' title='bbox 714 4023 821 4095; x_wconf 83' lang='lat' dir='ltr'><strong><em>fracta</em></strong></span> <span class='ocrx_word' id='word_1_217' title='bbox 838 4027 909 4084; x_wconf 84' lang='lat' dir='ltr'><strong><em>meis</em></strong></span> <span class='ocrx_word' id='word_1_218' title='bbox 926 4031 1060 4100; x_wconf 88' lang='lat' dir='ltr'><strong><em>poterat,</em></strong></span> <span class='ocrx_word' id='word_1_219' title='bbox 1077 4042 1158 4085; x_wconf 86' lang='lat' dir='ltr'><strong><em>nune</em></strong></span> <span class='ocrx_word' id='word_1_220' title='bbox 1172 4027 1283 4096; x_wconf 88' lang='lat' dir='ltr'><strong><em>mitior,</em></strong></span> <span class='ocrx_word' id='word_1_221' title='bbox 1306 4025 1399 4082; x_wconf 87' lang='lat' dir='ltr'><strong><em>armis</em></strong></span> 
     </span>
     <span class='ocr_line' id='line_1_33' title="bbox 450 4125 1232 4203; baseline 0.004 -20"><span class='ocrx_word' id='word_1_222' title='bbox 450 4144 475 4183; x_wconf 81' lang='lat' dir='ltr'><strong><em>m</em></strong></span> <span class='ocrx_word' id='word_1_223' title='bbox 576 4125 686 4197; x_wconf 79' lang='lat' dir='ltr'><strong><em>Adria,</em></strong></span> <span class='ocrx_word' id='word_1_224' title='bbox 708 4142 767 4184; x_wconf 90' lang='lat' dir='ltr'><strong><em>nou</em></strong></span> <span class='ocrx_word' id='word_1_225' title='bbox 787 4143 916 4200; x_wconf 79' lang='lat' dir='ltr'><strong><em>pupnau</em></strong></span> <span class='ocrx_word' id='word_1_226' title='bbox 937 4129 1103 4203; x_wconf 90' lang='lat' dir='ltr'><strong><em>impediisse</em></strong></span> <span class='ocrx_word' id='word_1_227' title='bbox 1124 4127 1232 4201; x_wconf 70' lang='lat' dir='ltr'><strong><em>Liuor,</em></strong></span> 
     </span>
    </p>
   </div>
   <div class='ocr_carea' id='block_1_4' title="bbox 347 4274 1649 5194">
    <p class='ocr_par' dir='ltr' id='par_1_4' title="bbox 347 4274 1649 5194">
     <span class='ocr_line' id='line_1_34' title="bbox 420 4274 1647 4345; baseline 0.002 -18"><span class='ocrx_word' id='word_1_228' title='bbox 420 4276 442 4307; x_wconf 72' lang='lat'><strong><em>³⁹</em></strong></span> <span class='ocrx_word' id='word_1_229' title='bbox 460 4274 595 4342; x_wconf 83' lang='lat' dir='ltr'><strong><em>imbelles]</em></strong></span> <span class='ocrx_word' id='word_1_230' title='bbox 615 4278 737 4327; x_wconf 80' lang='lat' dir='ltr'><strong><em>audaces</em></strong></span> <span class='ocrx_word' id='word_1_231' title='bbox 752 4280 825 4327; x_wconf 80' lang='lat' dir='ltr'><strong><em>s...5.</em></strong></span> <span class='ocrx_word' id='word_1_232' title='bbox 884 4280 1064 4343; x_wconf 75' lang='lat' dir='ltr'><strong><em>presentissl.</em></strong></span> <span class='ocrx_word' id='word_1_233' title='bbox 1124 4278 1146 4311; x_wconf 79' lang='lat'><strong><em>⁴⁹</em></strong></span> <span class='ocrx_word' id='word_1_234' title='bbox 1166 4277 1410 4329; x_wconf 76' lang='lat' dir='ltr'><strong><em>m.00ua.1509.</em></strong></span> <span class='ocrx_word' id='word_1_235' title='bbox 1475 4277 1494 4310; x_wconf 72' lang='lat'><strong><em>⁵¹</em></strong></span> <span class='ocrx_word' id='word_1_236' title='bbox 1515 4277 1578 4345; x_wconf 87' lang='lat' dir='ltr'><strong><em>isto]</em></strong></span> <span class='ocrx_word' id='word_1_237' title='bbox 1599 4279 1647 4329; x_wconf 89' lang='lat' dir='ltr'><strong><em>illo</em></strong></span> 
     </span>
     <span class='ocr_line' id='line_1_35' title="bbox 355 4360 1647 4432; baseline 0.004 -24"><span class='ocrx_word' id='word_1_238' title='bbox 355 4361 427 4411; x_wconf 80' lang='lat'><strong><em>3...5.</em></strong></span> <span class='ocrx_word' id='word_1_239' title='bbox 491 4360 513 4392; x_wconf 76' lang='lat'><strong><em>⁵⁵</em></strong></span> <span class='ocrx_word' id='word_1_240' title='bbox 532 4362 684 4411; x_wconf 80' lang='lat' dir='ltr'><strong><em>eaedentem</em></strong></span> <span class='ocrx_word' id='word_1_241' title='bbox 702 4379 796 4412; x_wconf 85' lang='lat' dir='ltr'><strong><em>omnes.</em></strong></span> <span class='ocrx_word' id='word_1_242' title='bbox 864 4362 885 4394; x_wconf 76' lang='lat'><strong><em>⁵⁷</em></strong></span> <span class='ocrx_word' id='word_1_243' title='bbox 903 4364 1094 4415; x_wconf 75' lang='lat' dir='ltr'><strong><em>Marimitianns</em></strong></span> <span class='ocrx_word' id='word_1_244' title='bbox 1112 4368 1181 4432; x_wconf 82' lang='lat' dir='ltr'><strong><em>qnod</em></strong></span> <span class='ocrx_word' id='word_1_245' title='bbox 1192 4383 1249 4432; x_wconf 81' lang='lat' dir='ltr'><strong><em>qum</em></strong></span> <span class='ocrx_word' id='word_1_246' title='bbox 1265 4366 1369 4414; x_wconf 78' lang='lat' dir='ltr'><strong><em>Venetis</em></strong></span> <span class='ocrx_word' id='word_1_247' title='bbox 1381 4381 1447 4414; x_wconf 86' lang='lat' dir='ltr'><strong><em>anno</em></strong></span> <span class='ocrx_word' id='word_1_248' title='bbox 1460 4368 1647 4428; x_wconf 78' lang='lat' dir='ltr'><strong><em>serperiorece·</em></strong></span> 
     </span>
     <span class='ocr_line' id='line_1_36' title="bbox 348 4445 1647 4514; baseline 0.001 -19"><span class='ocrx_word' id='word_1_249' title='bbox 348 4454 439 4510; x_wconf 84' lang='lat' dir='ltr'><strong><em>perat,</em></strong></span> <span class='ocrx_word' id='word_1_250' title='bbox 464 4463 488 4495; x_wconf 89' lang='lat' dir='ltr'><strong><em>a.</em></strong></span> <span class='ocrx_word' id='word_1_251' title='bbox 505 4445 577 4495; x_wconf 77' lang='lat'><strong>1510.</strong></span> <span class='ocrx_word' id='word_1_252' title='bbox 595 4448 751 4510; x_wconf 78' lang='lat' dir='ltr'><strong><em>omniafere</em></strong></span> <span class='ocrx_word' id='word_1_253' title='bbox 770 4450 863 4505; x_wconf 76' lang='lat' dir='ltr'><strong><em>maisit,</em></strong></span> <span class='ocrx_word' id='word_1_254' title='bbox 887 4451 987 4512; x_wconf 82' lang='lat' dir='ltr'><strong><em>imperii</em></strong></span> <span class='ocrx_word' id='word_1_255' title='bbox 1003 4455 1086 4499; x_wconf 85' lang='lat' dir='ltr'><strong><em>stolus</em></strong></span> <span class='ocrx_word' id='word_1_256' title='bbox 1103 4454 1201 4499; x_wconf 80' lang='lat' dir='ltr'><strong><em>auxilio</em></strong></span> <span class='ocrx_word' id='word_1_257' title='bbox 1217 4453 1345 4514; x_wconf 83' lang='lat' dir='ltr'><strong><em>promissa</em></strong></span> <span class='ocrx_word' id='word_1_258' title='bbox 1362 4451 1518 4512; x_wconf 80' lang='lat' dir='ltr'><strong><em>denepnntes</em></strong></span> <span class='ocrx_word' id='word_1_259' title='bbox 1535 4451 1647 4512; x_wconf 80' lang='lat' dir='ltr'><strong><em>inculpa-</em></strong></span> 
     </span>
     <span class='ocr_line' id='line_1_37' title="bbox 351 4513 1648 4598; baseline 0.002 -20"><span class='ocrx_word' id='word_1_260' title='bbox 351 4535 393 4579; x_wconf 83' lang='lat' dir='ltr'><strong><em>vit.</em></strong></span> <span class='ocrx_word' id='word_1_261' title='bbox 411 4530 427 4593; x_wconf 92' lang='lat'><em>(</em></span> <span class='ocrx_word' id='word_1_262' title='bbox 429 4533 464 4593; x_wconf 78' lang='lat' dir='ltr'><strong><em>es.</em></strong></span> <span class='ocrx_word' id='word_1_263' title='bbox 477 4531 548 4593; x_wconf 85' lang='lat' dir='ltr'><strong><em>infra</em></strong></span> <span class='ocrx_word' id='word_1_264' title='bbox 565 4548 587 4580; x_wconf 88' lang='lat' dir='ltr'><strong><em>o.</em></strong></span> <span class='ocrx_word' id='word_1_265' title='bbox 600 4531 651 4581; x_wconf 80' lang='lat'><strong><em>215</em></strong></span> <span class='ocrx_word' id='word_1_266' title='bbox 662 4532 720 4598; x_wconf 81' lang='lat' dir='ltr'><strong><em>sq.)</em></strong></span> <span class='ocrx_word' id='word_1_267' title='bbox 744 4543 801 4582; x_wconf 73' lang='lat' dir='ltr'><strong><em>nmen</em></strong></span> <span class='ocrx_word' id='word_1_268' title='bbox 823 4535 855 4583; x_wconf 88' lang='lat' dir='ltr'><strong><em>de</em></strong></span> <span class='ocrx_word' id='word_1_269' title='bbox 880 4533 956 4584; x_wconf 80' lang='lat' dir='ltr'><strong><em>rebus</em></strong></span> <span class='ocrx_word' id='word_1_270' title='bbox 976 4513 1038 4584; x_wconf 69' lang='lat' dir='ltr'><strong><em>uere</em></strong></span> <span class='ocrx_word' id='word_1_271' title='bbox 1053 4552 1077 4583; x_wconf 90' lang='lat' dir='ltr'><strong><em>a.</em></strong></span> <span class='ocrx_word' id='word_1_272' title='bbox 1099 4533 1171 4583; x_wconf 83' lang='grc'><strong>1516.</strong></span> <span class='ocrx_word' id='word_1_273' title='bbox 1192 4534 1224 4583; x_wconf 83' lang='lat' dir='ltr'><strong><em>ab</em></strong></span> <span class='ocrx_word' id='word_1_274' title='bbox 1247 4539 1403 4598; x_wconf 80' lang='lat' dir='ltr'><strong><em>imperatore</em></strong></span> <span class='ocrx_word' id='word_1_275' title='bbox 1428 4535 1453 4582; x_wconf 84' lang='lat' dir='ltr'><strong><em>in</em></strong></span> <span class='ocrx_word' id='word_1_276' title='bbox 1472 4532 1553 4582; x_wconf 84' lang='lat' dir='ltr'><strong><em>Italia</em></strong></span> <span class='ocrx_word' id='word_1_277' title='bbox 1574 4548 1648 4596; x_wconf 87' lang='lat' dir='ltr'><strong><em>supe-</em></strong></span> 
     </span>
     <span class='ocr_line' id='line_1_38' title="bbox 350 4616 1647 4683; baseline -0.002 -16"><span class='ocrx_word' id='word_1_278' title='bbox 350 4619 420 4667; x_wconf 80' lang='lat' dir='ltr'><strong><em>rlore</em></strong></span> <span class='ocrx_word' id='word_1_279' title='bbox 444 4617 582 4678; x_wconf 76' lang='lat' dir='ltr'><strong><em>infeliciter</em></strong></span> <span class='ocrx_word' id='word_1_280' title='bbox 602 4619 682 4681; x_wconf 82' lang='lat' dir='ltr'><strong><em>pestis</em></strong></span> <span class='ocrx_word' id='word_1_281' title='bbox 704 4617 729 4666; x_wconf 80' lang='lat' dir='ltr'><strong><em>lt.</em></strong></span> <span class='ocrx_word' id='word_1_282' title='bbox 742 4621 909 4669; x_wconf 78' lang='lat' dir='ltr'><strong><em>loermonem</em></strong></span> <span class='ocrx_word' id='word_1_283' title='bbox 930 4637 980 4669; x_wconf 86' lang='lat' dir='ltr'><strong><em>non</em></strong></span> <span class='ocrx_word' id='word_1_284' title='bbox 1002 4636 1059 4669; x_wconf 84' lang='lat' dir='ltr'><strong><em>ense</em></strong></span> <span class='ocrx_word' id='word_1_285' title='bbox 1081 4625 1152 4683; x_wconf 87' lang='lat' dir='ltr'><strong><em>puto.</em></strong></span> <span class='ocrx_word' id='word_1_286' title='bbox 1171 4619 1217 4667; x_wconf 77' lang='lat' dir='ltr'><strong><em>aas</em></strong></span> <span class='ocrx_word' id='word_1_287' title='bbox 1240 4620 1342 4681; x_wconf 83' lang='lat' dir='ltr'><strong><em>attinpit</em></strong></span> <span class='ocrx_word' id='word_1_288' title='bbox 1360 4617 1460 4666; x_wconf 82' lang='lat' dir='ltr'><strong><em>Hessos</em></strong></span> <span class='ocrx_word' id='word_1_289' title='bbox 1482 4633 1505 4665; x_wconf 82' lang='lat' dir='ltr'><strong><em>a.</em></strong></span> <span class='ocrx_word' id='word_1_290' title='bbox 1518 4616 1576 4665; x_wconf 78' lang='lat'><strong>227.</strong></span> <span class='ocrx_word' id='word_1_291' title='bbox 1589 4632 1647 4682; x_wconf 83' lang='lat' dir='ltr'><strong><em>sqq.</em></strong></span> 
     </span>
     <span class='ocr_line' id='line_1_39' title="bbox 350 4697 1647 4769; baseline 0 -19"><span class='ocrx_word' id='word_1_292' title='bbox 350 4697 456 4765; x_wconf 73' lang='lat' dir='ltr'><strong><em>¹⁰ipss]</em></strong></span> <span class='ocrx_word' id='word_1_293' title='bbox 471 4700 565 4751; x_wconf 78' lang='lat' dir='ltr'><strong><em>Italia.</em></strong></span> <span class='ocrx_word' id='word_1_294' title='bbox 619 4700 641 4733; x_wconf 77' lang='lat'><strong><em>⁸²</em></strong></span> <span class='ocrx_word' id='word_1_295' title='bbox 655 4700 791 4768; x_wconf 78' lang='lat' dir='ltr'><strong><em>sacrilego</em></strong></span> <span class='ocrx_word' id='word_1_296' title='bbox 804 4705 830 4754; x_wconf 84' lang='lat'><strong><em>2.</em></strong></span> <span class='ocrx_word' id='word_1_297' title='bbox 883 4703 942 4754; x_wconf 72' lang='lat' dir='ltr'><strong><em>“si</em></strong></span> <span class='ocrx_word' id='word_1_298' title='bbox 960 4719 1056 4769; x_wconf 83' lang='lat' dir='ltr'><strong><em>posses</em></strong></span> <span class='ocrx_word' id='word_1_299' title='bbox 1074 4719 1153 4759; x_wconf 83' lang='lat' dir='ltr'><strong><em>vera,</em></strong></span> <span class='ocrx_word' id='word_1_300' title='bbox 1172 4717 1276 4767; x_wconf 77' lang='lat' dir='ltr'><strong><em>negare</em></strong></span> <span class='ocrx_word' id='word_1_301' title='bbox 1288 4700 1379 4765; x_wconf 79' lang='lat' dir='ltr'><strong><em>Apulo</em></strong></span> <span class='ocrx_word' id='word_1_302' title='bbox 1393 4703 1467 4750; x_wconf 80' lang='lat'><strong><em>3...5.</em></strong></span> <span class='ocrx_word' id='word_1_303' title='bbox 1519 4698 1542 4731; x_wconf 74' lang='lat'><strong><em>⁸⁴</em></strong></span> <span class='ocrx_word' id='word_1_304' title='bbox 1562 4701 1647 4750; x_wconf 80' lang='lat' dir='ltr'><strong><em>Gorne-</em></strong></span> 
     </span>
     <span class='ocr_line' id='line_1_40' title="bbox 349 4785 1646 4858; baseline 0.002 -25"><span class='ocrx_word' id='word_1_305' title='bbox 349 4786 737 4858; x_wconf 73' lang='lat' dir='ltr'><strong><em>rocensissoederis(p.1508.</em></strong></span> <span class='ocrx_word' id='word_1_306' title='bbox 756 4805 773 4837; x_wconf 88' lang='grc' dir='ltr'><em>α</em></span> <span class='ocrx_word' id='word_1_307' title='bbox 790 4789 969 4841; x_wconf 76' lang='lat' dir='ltr'><strong><em>Moxanltt&#39;ouo</em></strong></span> <span class='ocrx_word' id='word_1_308' title='bbox 988 4792 1060 4851; x_wconf 66' lang='lat' dir='ltr'><strong><em>imp„</em></strong></span> <span class='ocrx_word' id='word_1_309' title='bbox 1076 4789 1199 4851; x_wconf 82' lang='lat' dir='ltr'><strong><em>pontifice</em></strong></span> <span class='ocrx_word' id='word_1_310' title='bbox 1217 4787 1247 4835; x_wconf 83' lang='lat' dir='ltr'><strong><em>tl.</em></strong></span> <span class='ocrx_word' id='word_1_311' title='bbox 1262 4786 1329 4835; x_wconf 84' lang='lat' dir='ltr'><strong><em>Iulio</em></strong></span> <span class='ocrx_word' id='word_1_312' title='bbox 1348 4785 1404 4842; x_wconf 69' lang='lat'><strong><em>11„</em></strong></span> <span class='ocrx_word' id='word_1_313' title='bbox 1423 4785 1544 4834; x_wconf 75' lang='lat' dir='ltr'><strong><em>Franoioe</em></strong></span> <span class='ocrx_word' id='word_1_314' title='bbox 1562 4786 1646 4835; x_wconf 77' lang='lat' dir='ltr'><strong><em>Arro-</em></strong></span> 
     </span>
     <span class='ocr_line' id='line_1_41' title="bbox 347 4871 1646 4937; baseline 0.001 -17"><span class='ocrx_word' id='word_1_315' title='bbox 347 4875 481 4936; x_wconf 79' lang='lat' dir='ltr'><strong><em>ponioeqne</em></strong></span> <span class='ocrx_word' id='word_1_316' title='bbox 499 4872 599 4937; x_wconf 81' lang='lat' dir='ltr'><strong><em>reptbns</em></strong></span> <span class='ocrx_word' id='word_1_317' title='bbox 616 4879 708 4923; x_wconf 87' lang='lat' dir='ltr'><strong><em>contro</em></strong></span> <span class='ocrx_word' id='word_1_318' title='bbox 730 4874 841 4925; x_wconf 85' lang='lat' dir='ltr'><strong><em>Venetos</em></strong></span> <span class='ocrx_word' id='word_1_319' title='bbox 858 4875 925 4937; x_wconf 80' lang='lat' dir='ltr'><strong><em>initi)</em></strong></span> <span class='ocrx_word' id='word_1_320' title='bbox 948 4875 1109 4924; x_wconf 78' lang='lat' dir='ltr'><strong><em>condiclones</em></strong></span> <span class='ocrx_word' id='word_1_321' title='bbox 1134 4889 1184 4921; x_wconf 87' lang='lat' dir='ltr'><strong><em>non</em></strong></span> <span class='ocrx_word' id='word_1_322' title='bbox 1201 4875 1279 4921; x_wconf 86' lang='lat' dir='ltr'><strong><em>sotum</em></strong></span> <span class='ocrx_word' id='word_1_323' title='bbox 1296 4872 1328 4920; x_wconf 87' lang='lat' dir='ltr'><strong><em>de</em></strong></span> <span class='ocrx_word' id='word_1_324' title='bbox 1350 4871 1526 4935; x_wconf 77' lang='lat' dir='ltr'><strong><em>Neapolitanis</em></strong></span> <span class='ocrx_word' id='word_1_325' title='bbox 1542 4887 1646 4936; x_wconf 80' lang='lat' dir='ltr'><strong><em>posses·</em></strong></span> 
     </span>
     <span class='ocr_line' id='line_1_42' title="bbox 349 4955 1646 5023; baseline 0.002 -19"><span class='ocrx_word' id='word_1_326' title='bbox 349 4956 460 5005; x_wconf 81' lang='lat' dir='ltr'><strong><em>sionibus</em></strong></span> <span class='ocrx_word' id='word_1_327' title='bbox 478 4974 558 5023; x_wconf 83' lang='lat' dir='ltr'><strong><em>neque</em></strong></span> <span class='ocrx_word' id='word_1_328' title='bbox 576 4975 593 5007; x_wconf 89' lang='lat' dir='ltr'><strong><em>a</em></strong></span> <span class='ocrx_word' id='word_1_329' title='bbox 611 4958 691 5008; x_wconf 72' lang='lat' dir='ltr'><strong><em>Gniits</em></strong></span> <span class='ocrx_word' id='word_1_330' title='bbox 707 4961 769 5009; x_wconf 81' lang='lat' dir='ltr'><strong><em>solis</em></strong></span> <span class='ocrx_word' id='word_1_331' title='bbox 783 4962 836 5022; x_wconf 68' lang='lat' dir='ltr'><strong><em>[lde</em></strong></span> <span class='ocrx_word' id='word_1_332' title='bbox 851 4961 942 5023; x_wconf 81' lang='lat' dir='ltr'><strong><em>fracto</em></strong></span> <span class='ocrx_word' id='word_1_333' title='bbox 959 4964 1112 5022; x_wconf 79' lang='lat' dir='ltr'><strong><em>contemptae</em></strong></span> <span class='ocrx_word' id='word_1_334' title='bbox 1129 4963 1195 5005; x_wconf 87' lang='lat' dir='ltr'><strong><em>sunt.</em></strong></span> <span class='ocrx_word' id='word_1_335' title='bbox 1251 4956 1273 4989; x_wconf 80' lang='lat'><strong><em>⁶⁷</em></strong></span> <span class='ocrx_word' id='word_1_336' title='bbox 1292 4955 1342 5005; x_wconf 79' lang='lat' dir='ltr'><strong><em>ills</em></strong></span> <span class='ocrx_word' id='word_1_337' title='bbox 1356 4959 1429 5006; x_wconf 78' lang='lat' dir='ltr'><strong><em>s...5.</em></strong></span> <span class='ocrx_word' id='word_1_338' title='bbox 1488 4955 1511 4987; x_wconf 77' lang='lat'><strong><em>⁶⁸</em></strong></span> <span class='ocrx_word' id='word_1_339' title='bbox 1529 4956 1646 5023; x_wconf 79' lang='lat' dir='ltr'><strong><em>Brupen·</em></strong></span> 
     </span>
     <span class='ocr_line' id='line_1_43' title="bbox 349 5036 1649 5108; baseline 0.003 -19"><span class='ocrx_word' id='word_1_340' title='bbox 349 5056 391 5090; x_wconf 80' lang='lat' dir='ltr'><strong><em>ses</em></strong></span> <span class='ocrx_word' id='word_1_341' title='bbox 403 5041 604 5094; x_wconf 68' lang='lat' dir='ltr'><strong><em>Marianilinman</em></strong></span> <span class='ocrx_word' id='word_1_342' title='bbox 619 5059 670 5108; x_wconf 87' lang='lat' dir='ltr'><strong><em>per</em></strong></span> <span class='ocrx_word' id='word_1_343' title='bbox 685 5045 796 5094; x_wconf 79' lang='lat' dir='ltr'><strong><em>sedecim</em></strong></span> <span class='ocrx_word' id='word_1_344' title='bbox 812 5045 982 5096; x_wconf 76' lang='lat' dir='ltr'><strong><em>hebdomadas</em></strong></span> <span class='ocrx_word' id='word_1_345' title='bbox 995 5048 1021 5094; x_wconf 80' lang='lat' dir='ltr'><strong><em>in</em></strong></span> <span class='ocrx_word' id='word_1_346' title='bbox 1034 5058 1140 5093; x_wconf 77' lang='lat' dir='ltr'><strong><em>emnere</em></strong></span> <span class='ocrx_word' id='word_1_347' title='bbox 1152 5042 1291 5092; x_wconf 75' lang='lat' dir='ltr'><strong><em>nebeternnt</em></strong></span> <span class='ocrx_word' id='word_1_348' title='bbox 1304 5057 1380 5107; x_wconf 85' lang='lat' dir='ltr'><strong><em>usqne</em></strong></span> <span class='ocrx_word' id='word_1_349' title='bbox 1393 5044 1429 5091; x_wconf 87' lang='lat' dir='ltr'><strong><em>od</em></strong></span> <span class='ocrx_word' id='word_1_350' title='bbox 1439 5042 1465 5091; x_wconf 88' lang='lat' dir='ltr'><strong><em>d.</em></strong></span> <span class='ocrx_word' id='word_1_351' title='bbox 1481 5044 1523 5090; x_wconf 80' lang='lat' dir='ltr'><strong><em>li.</em></strong></span> <span class='ocrx_word' id='word_1_352' title='bbox 1535 5036 1567 5091; x_wconf 81' lang='lat' dir='ltr'><strong><em>r’n.</em></strong></span> <span class='ocrx_word' id='word_1_353' title='bbox 1581 5043 1649 5093; x_wconf 81' lang='lat' dir='ltr'><strong><em>Mati</em></strong></span> 
     </span>
     <span class='ocr_line' id='line_1_44' title="bbox 351 5127 1425 5194; baseline 0.003 -21"><span class='ocrx_word' id='word_1_354' title='bbox 351 5143 375 5175; x_wconf 85' lang='lat' dir='ltr'><strong><em>a.</em></strong></span> <span class='ocrx_word' id='word_1_355' title='bbox 389 5129 470 5177; x_wconf 72' lang='lat'><em>1⁴88.</em></span> <span class='ocrx_word' id='word_1_356' title='bbox 523 5131 717 5194; x_wconf 69' lang='lat' dir='ltr'><strong><em>quoestol...5.</em></strong></span> <span class='ocrx_word' id='word_1_357' title='bbox 769 5129 790 5162; x_wconf 81' lang='lat'><strong><em>⁷¹</em></strong></span> <span class='ocrx_word' id='word_1_358' title='bbox 809 5131 889 5193; x_wconf 78' lang='lat' dir='ltr'><strong><em>Quod</em></strong></span> <span class='ocrx_word' id='word_1_359' title='bbox 905 5146 960 5180; x_wconf 85' lang='lat' dir='ltr'><strong><em>non</em></strong></span> <span class='ocrx_word' id='word_1_360' title='bbox 977 5130 1026 5181; x_wconf 81' lang='lat' dir='ltr'><strong><em>ille</em></strong></span> <span class='ocrx_word' id='word_1_361' title='bbox 1045 5129 1114 5180; x_wconf 81' lang='lat' dir='ltr'><strong><em>meis</em></strong></span> <span class='ocrx_word' id='word_1_362' title='bbox 1128 5131 1202 5179; x_wconf 82' lang='lat'><strong><em>3...5.</em></strong></span> <span class='ocrx_word' id='word_1_363' title='bbox 1254 5127 1276 5161; x_wconf 76' lang='lat'><strong><em>⁷¹</em></strong></span> <span class='ocrx_word' id='word_1_364' title='bbox 1293 5129 1388 5193; x_wconf 79' lang='lat' dir='ltr'><strong><em>Lygur</em></strong></span> <span class='ocrx_word' id='word_1_365' title='bbox 1398 5131 1425 5177; x_wconf 86' lang='lat'><strong><em>2.</em></strong></span> 
     </span>
    </p>
   </div>
   <div class='ocr_carea' id='block_1_5' title="bbox 1369 5211 1414 5276">
    <p class='ocr_par' dir='ltr' id='par_1_5' title="bbox 1369 5211 1414 5276">
     <span class='ocr_line' id='line_1_45' title="bbox 1369 5211 1414 5276; baseline 0 -29"><span class='ocrx_word' id='word_1_366' title='bbox 1369 5211 1414 5276; x_wconf 68' lang='grc'><strong><em>8*</em></strong></span> 
     </span>
    </p>
   </div>
   <div class='ocr_carea' id='block_1_6' title="bbox 0 0 2039 6209">
    <p class='ocr_par' dir='ltr' id='par_1_6' title="bbox 0 0 2039 6209">
     <span class='ocr_line' id='line_1_46' title="bbox 0 0 2039 6209; baseline 0 0"><span class='ocrx_word' id='word_1_367' title='bbox 0 0 2039 6209; x_wconf 95' lang='lat' dir='ltr'><strong><em> </em></strong></span> 
     </span>
    </p>
   </div>
  </div>
 </body>
</html>
