4067 6209
435 738 506 810 120
548 753 671 804 XXXVI.
691 761 711 802 2.
726 767 790 803 308.
804 767 885 802 lum
899 767 1054 802 nassonem
1067 767 1198 803 sitnm.
1212 769 1249 804 AD
1262 769 1385 804 averem
1398 769 1489 805 EPIST.
1504 769 1616 805 ITALIAE.

584 924 672 1001 Saepe
693 924 810 998 quidem
830 923 977 984 mandata
998 926 1106 984 damus
1126 928 1270 1000 repnioue
1289 931 1424 985 senatum

658 1025 794 1099 Cooimus
816 1028 951 1101 auspicio
970 1026 1191 1102 deserimusque
1207 1028 1294 1096 bono,

584 1128 708 1203 Semper
726 1133 759 1186 at
774 1128 829 1186 leoe
848 1131 953 1189 iterum
966 1128 1146 1202 faciendam
1163 1132 1341 1205 iterumque,
1361 1148 1418 1192 nee
1435 1149 1566 1207 unquam

516 1252 554 1292 no
656 1229 777 1290 Consilii
794 1230 885 1301 finem
907 1232 1040 1291 lubricus
1062 1231 1142 1291 orbis
1165 1232 1269 1291 izabel:

583 1332 685 1394 Bomos
707 1332 858 1391 inutilibus
878 1335 1000 1393 terimus
1017 1334 1204 1394 emittentibus
1224 1352 1334 1408 (eoum,
1411 1343 1415 1350 '

655 1434 794 1494 Ilostious
814 1435 916 1506 infidis
935 1435 1009 1510 quid
1032 1439 1092 1496 nisi
1104 1438 1218 1511 prada
1237 1434 1359 1497 snmus?

586 1538 632 1596 An
651 1537 746 1611 pudet
766 1537 885 1611 imperii
903 1539 1014 1610 quoties
1035 1539 1088 1598 illa
1106 1540 1217 1614 inclyto
1240 1549 1363 1599 amntem

516 1659 554 1699 nm
654 1639 771 1698 Euxini
789 1638 878 1697 subiit
896 1640 1009 1713 luxque
1030 1641 1179 1714 decusque
1197 1645 1308 1711 maris·

585 1739 637 1814 m,
659 1742 719 1799 nisi
738 1754 792 1799 nos
806 1739 925 1813 saltant
942 1743 1084 1816 promissi
1100 1744 1227 1802 oraeala
1245 1743 1323 1819 sati,

657 1844 718 1902 Pro
735 1844 792 1901 tali
804 1858 912 1917 parias
932 1844 1071 1917 erimine,
1094 1825 1209 1917 Tarsa,
1231 1845 1324 1905 dalnis.

585 1945 661 2005 date
680 1946 862 2019 coeperimus
889 1945 1028 2006 Venatum
1051 1949 1082 2005 in
1103 1963 1160 2007 sua
1182 1954 1290 2022 stapno
1312 1947 1463 2020 rebellem,

518 2068 556 2108 ms
655 2048 849 2121 Freperimus
868 2050 1006 2126 erisiam,
1025 2050 1144 2125 perfide
1160 2049 1260 2123 Galle,
1284 2057 1375 2110 triam

589 2148 673 2209 Tune
694 2149 816 2208 dabitur
834 2156 944 2209 nostroe
965 2152 1025 2209 iam
1048 2154 1137 2226 lapsa
1156 2153 1276 2227 palatia
1299 2152 1402 2212 Romee

644 2252 760 2323 Visere,
778 2258 808 2311 et
825 2251 956 2325 dilatato
982 2250 1119 2328 lubridis
1140 2269 1228 2312 amite
1249 2254 1332 2323 aelii,-

588 2354 706 2430 Ouoqne
727 2355 825 2413 miuus
845 2353 973 2426 dubites,
995 2357 1056 2413 iam
1077 2372 1136 2415 non
1153 2358 1302 2432 promissa
1322 2357 1377 2415 sed
1396 2358 1493 2431 ipsam

518 2443 575 2517 2³2¹
657 2457 764 2532 Aspice
782 2472 840 2515 noo
858 2458 929 2528 ficto
947 2457 1083 2531 pondere
1102 2465 1184 2517 stare
1201 2460 1308 2531 fidem:

585 2557 664 2619 dum
683 2575 736 2617 mos
763 2558 911 2618 Vindelici
922 2560 1066 2634 princeps
1084 2559 1219 2635 Anausta
1239 2559 1329 2620 Saevi
1411 2591 1415 2598 ·

656 2659 787 2731 Detinet,
810 2666 839 2718 et
853 2662 973 2735 populis
991 2661 1107 2721 Martio
1128 2664 1198 2720 iuro
1218 2663 1340 2736 dantus,

586 2762 665 2824 lium
686 2762 740 2821 tior'
761 2760 941 2831 Tuetonieee,
960 2761 1129 2834 fortissima
1148 2770 1284 2839 pectora,
1305 2771 1407 2839 pentes
1515 2744 1517 2748 ¹

520 2884 559 2926 111
661 2864 714 2924 Tot
734 2865 898 2923 coniuratis
920 2864 1037 2924 milibus
1057 2880 1146 2924 arma
1163 2873 1293 2941 parant,

587 2966 710 3028 Interea
727 2967 853 3027 'Venetis
871 2968 1012 3026 sociatum
1035 2968 1146 3027 uiribus
1166 2984 1274 3042 aamem

662 3069 871 3143 Quadrapintn
891 3069 1041 3128 domimum
1059 3072 1142 3129 milia
1166 3071 1271 3131 Gallus
1291 3073 1369 3145 uait,

588 3173 656 3233 tam
679 3179 738 3232 luto
758 3174 919 3247 populatus
940 3189 1045 3245 apros,
1064 3175 1224 3247 populatus
1244 3181 1274 3233 ot
1295 3174 1381 3232 urbes

522 3297 560 3337 uo
660 3275 787 3334 Abstulit
807 3276 885 3333 irato
901 3274 1037 3346 [olimina
1056 3292 1133 3349 pene
1152 3275 1225 3334 Ioui.

588 3377 639 3436 Ita
658 3379 754 3437 scelus
773 3382 803 3436 et
823 3392 975 3450 uunquam
998 3379 1137 3436 violentia
1158 3382 1222 3437 tuta
1240 3378 1363 3454 pericli,

663 3479 764 3550 Galle,
787 3479 840 3536 din
859 3479 949 3538 ludios
964 3495 1024 3538 non
1046 3481 1123 3539 stetit
1143 3481 1285 3548 1111111)1;
1325 3466 1329 3472 ’

589 3583 709 3658 Inclyta
730 3580 836 3640 deerat
860 3581 961 3641 adnue
978 3584 1069 3642 tantis
1098 3583 1214 3641 Verona
1236 3581 1408 3656 triumphis,

522 3703 559 3745 111
659 3684 735 3759 Spes
757 3688 831 3742 natu
852 3689 896 3743 est
922 3684 1038 3743 Venetis
1058 3685 1139 3744 uano
1160 3700 1274 3759 quoque
1292 3701 1379 3759 posse
1399 3685 1488 3758 capi:

593 3786 650 3846 Ter
667 3785 791 3859 frustra
812 3793 990 3861 oppapnant
1009 3802 1122 3860 maana
1143 3793 1189 3847 ter
1209 3787 1293 3846 eade
1312 3786 1444 3860 repulsi;

663 3888 748 3959 Quod
770 3897 919 3962 neqneeunl
939 3891 1042 3961 armis,
1065 3890 1119 3950 lioe
1138 3892 1256 3949 uoluere
1273 3891 1379 3956 minis,·

588 3991 666 4049 Dira
684 3991 802 4063 quidem
820 3994 929 4050 nostris
951 3991 1075 4051 ducibus
1094 3992 1185 4052 datur
1203 3993 1297 4068 optio,
1321 3993 1426 4051 uellent

522 4110 560 4151 ms
660 4090 728 4151 Siue
749 4092 850 4151 urbem
872 4092 972 4153 triduo
993 4094 1117 4153 tradere
1135 4095 1195 4153 siae
1216 4096 1301 4153 mori.

589 4193 743 4269 Improbe,
766 4200 835 4253 lune
856 4196 944 4255 minis
961 4202 1079 4269 pentem
1102 4201 1217 4254 terrere
1233 4195 1404 4271 proplntreis

662 4295 757 4367 Quam
774 4312 917 4369 nequeas,
939 4299 1033 4356 armis
1053 4298 1185 4369 oineere,
1199 4298 1309 4376 dalle,
1333 4294 1432 4358 uoles?

598 4399 683 4458 Venit
702 4405 731 4459 et
751 4400 853 4458 aerias
874 4400 933 4457 iam
955 4401 1044 4459 tertia
1066 4399 1182 4475 depulit
1201 4401 1321 4460 umbras

521 4521 560 4561 252
659 4501 795 4577 Propitio
817 4504 926 4561 nostris
945 4504 1012 4563 luee
1035 4509 1153 4563 reuecta
1175 4504 1253 4576 dies,

503 4671 537 4705 ”’
556 4672 785 4724 Concitiie...5.
846 4669 878 4704 ”’
898 4672 949 4722 eufi
963 4674 989 4721 2.
1054 4669 1088 4704 ²¹⁴
1106 4672 1212 4724 Setimns
1225 4673 1250 4722 I.
1310 4667 1432 4736 mpori.
1454 4666 1496 4735 G.]
1517 4667 1598 4718 Gallo
1617 4667 1735 4732 superbo

439 4762 531 4812 3...5.
584 4758 755 4810 ²³⁰Tibridis
768 4763 793 4808 5.
846 4757 880 4790 ²³³
892 4756 1042 4821 vindelyei
1054 4760 1079 4808 3.
1133 4755 1478 4824 prins.]proeeepsd...5.
1530 4752 1735 4804 ²³⁰millibusi.

436 4844 470 4879 ²³⁷
488 4848 624 4898 Venatum
642 4847 758 4897 sociatis
775 4844 887 4896 milibus
907 4842 1033 4912 [mitta]
1055 4845 1235 4911 ngm.3...5.
1288 4839 1322 4873 ¹³⁸
1335 4838 1424 4889 millia
1437 4843 1496 4890 15.
1556 4836 1663 4904 Gallus]
1688 4843 1737 4888 iam

435 4931 590 4983 manaem
608 4931 632 4981 1.
651 4948 711 4983 rex.
762 4927 796 4962 ²⁴³
815 4929 965 4981 deerat:
982 4931 1070 4981 diret.
1124 4925 1158 4962 ²⁴⁵
1174 4925 1672 4993 1111111511.6111111111111111
1690 4925 1735 4974 dn·

435 5015 517 5068 cebal.
536 5019 558 5068 11
574 5023 688 5068 tractatu
708 5017 896 5067 Nouioduneusi
912 5033 930 5067 a
948 5017 1053 5069 01111111
1072 5013 1216 5079 adprobato
1238 5015 1346 5078 quinque
1373 5011 1499 5062 mensibus
1523 5016 1583 5077 post
1608 5010 1737 5061 Veronam

436 5103 566 5164 impressus
583 5108 631 5153 111.
668 5104 855 5168 oppungnant.
869 5104 896 5151 2.
949 5100 1134 5152 ’5111111111
1178 5096 1213 5132 ”’
1230 5096 1434 5164 11101111ιί1ιὸ.
