4067 6209
427 763 500 838 2l8
654 776 725 831 XCI.
746 795 867 831 narratu
881 794 917 829 ιιι)
931 793 1098 831 sraouanvn
1112 795 1140 830 ιιι
1154 795 1248 832 svesa
1261 797 1335 832 mae.
1348 798 1434 834 rasa.
1456 789 1513 833 tut.

319 930 324 938 ⁸
369 951 501 1025 §.touid
523 959 614 1014 restat
635 949 712 1011 aliud
735 950 838 1028 igitur,
868 950 922 1010 nisi
952 935 986 1010 ul
1004 969 1052 1013 me
1075 950 1112 1010 ob
1136 951 1205 1011 istas
1227 971 1320 1030 nugas
1343 972 1402 1015 non
1425 956 1454 1015 in
1477 961 1576 1015 nostra
1599 953 1719 1033 quidem

424 1053 504 1126 aula,
528 1057 557 1115 iu
580 1072 637 1133 qua
659 1059 720 1113 tuta
743 1072 777 1113 ac
799 1051 1044 1131 tranquillasuut
1067 1054 1179 1122 onnda,
1204 1073 1304 1114 verum
1328 1055 1429 1116 ubiubi
1452 1058 1606 1135 negocium
1623 1058 1718 1116 ineos·

424 1160 510 1227 serit,
535 1164 566 1218 nt
587 1156 664 1233 apud
687 1156 741 1215 bos
764 1173 864 1215 rerum
888 1155 1023 1213 dominos
1046 1154 1191 1232 egelidum
1214 1158 1266 1224 sit,
1298 1176 1332 1216 ex
1356 1159 1545 1235 stipatoribus
1567 1176 1643 1218 unus
1666 1177 1715 1217 cu·

423 1260 484 1321 bito
506 1258 661 1337 protrudat
689 1264 739 1317 atrt
767 1258 873 1316 inllicta
902 1256 981 1316 calce
1010 1257 1190 1334 praeeipitem
1220 1260 1327 1327 eiiciat,
1358 1260 1462 1319 deiude
1484 1260 1589 1320 fiducia
1612 1258 1718 1336 plenus

423 1362 490 1423 laeti
513 1362 656 1421 rationem
679 1359 782 1419 reddat
804 1377 837 1418 ae
860 1376 977 1418 causam
1000 1365 1133 1427 tueatur,
1164 1378 1252 1437 quam
1281 1361 1350 1420 milri
1379 1363 1551 1438 impugnare
1579 1377 1638 1420 uon
1667 1376 1738 1419 usa

423 1481 598 1543 quequaque
620 1468 798 1539 oportunum
821 1461 871 1526 sit,
895 1459 1013 1519 denium
1037 1461 1071 1519 ad
1095 1458 1269 1537 palinodiam
1293 1481 1410 1541 quoque
1426 1463 1535 1541 adigat,
1559 1481 1647 1541 quam
1662 1461 1719 1521 uisi

422 1583 491 1625 mox
513 1563 693 1642 promisero,
717 1563 819 1623 dentes
841 1563 980 1630 amisero,
1004 1563 1058 1621 uisi
1081 1569 1112 1621 tu
1135 1570 1236 1622 eontra
1252 1563 1374 1624 aulicam
1390 1566 1534 1624 vesaniam
1549 1564 1641 1625 habes
1656 1582 1717 1624 me·

424 1666 621 1728 dieamentum
644 1671 693 1724 aut
716 1665 772 1723 iant
795 1666 902 1741 parasti
926 1662 1111 1723 helleborum
1134 1684 1192 1743 quo
1215 1665 1347 1726 furentes
1369 1666 1434 1726 illos
1457 1665 1601 1726 inebries?
1632 1664 1716 1735 Quod

368 1777 413 1829 §.a
424 1770 448 1829 si
472 1776 529 1836 est,
561 1785 659 1845 quaeso
675 1768 703 1825 in
719 1773 853 1842 tempore
877 1763 1030 1824 eonsilium
1054 1783 1139 1842 cape,
1164 1773 1196 1826 ut
1219 1768 1344 1827 venienti
1366 1765 1442 1827 malo
1466 1785 1613 1827 neemiae.
1659 1767 1717 1826 Sed

423 1889 527 1931 vereor
549 1888 585 1929 ue
608 1870 637 1927 iu
659 1868 803 1927 medicina
824 1885 883 1926 nou
906 1874 1003 1927 tantus
1026 1868 1078 1936 siS,
1102 1872 1134 1928 ut
1156 1868 1307 1929 bondnum
1331 1870 1481 1930 allectibus
1503 1869 1615 1929 mederi
1630 1868 1713 1928 scias.
1729 1879 1752 1918 ¹⁰

424 1979 454 2032 et
480 1972 537 2031 iam
560 1970 630 2030 milri
654 1975 755 2046 eaput,
784 1970 854 2028 milri
878 1988 926 2037 os,
957 1968 1029 2027 mibi
1051 1967 1134 2030 malae
1157 1970 1321 2047 trepidant,
1350 1992 1383 2031 ae
1407 1971 1532 2049 aliquem
1556 1970 1653 2029 ridere
1676 1970 1715 2027 ri·

424 2073 497 2134 deor
519 2091 554 2133 er
577 2071 741 2149 gigantibus
763 2072 850 2149 regiis
871 2089 1003 2148 pugnum
1026 2089 1077 2130 sex
1099 2070 1240 2132 librarum
1263 2074 1423 2150 stringere,
1447 2092 1535 2152 quem
1557 2072 1670 2130 iamiam
1687 2070 1715 2128 in

368 2185 412 2235 §.a
424 2174 547 2235 buccam
570 2173 640 2232 mibi
662 2173 810 2250 impingat.
855 2171 939 2242 Quod
961 2172 1011 2234 ubi
1034 2174 1097 2242 fret,
1121 2182 1183 2233 tum
1205 2193 1309 2234 vereor
1332 2194 1368 2234 ne
1390 2182 1421 2234 tu
1442 2177 1473 2234 in
1488 2176 1583 2235 simma
1599 2173 1716 2232 iuterim

422 2277 519 2338 rideas
542 2283 570 2336 et
592 2293 647 2353 pro
668 2274 738 2334 ludo
761 2275 850 2334 ducas
872 2276 943 2335 milri
965 2274 1064 2351 alapas
1086 2275 1191 2353 indigi,
1216 2295 1248 2334 os
1265 2275 1468 2345 obverberari‚
1491 2276 1594 2336 dentes
1609 2275 1715 2334 excuti.

424 2380 460 2440 Et
481 2380 603 2440 tortasse
626 2378 728 2436 mortis
751 2395 837 2436 causa
859 2378 883 2436 si
906 2378 976 2436 mibi
1005 2378 1111 2445 tueris,
1142 2395 1199 2435 non
1230 2379 1328 2455 magni
1357 2378 1461 2447 lacios,
1490 2378 1567 2455 (prod
1592 2375 1752 2436 clericusis

424 2499 483 2541 non
505 2500 589 2549 sum,
619 2486 650 2539 ut
678 2478 726 2537 illo
754 2485 783 2538 te
806 2479 942 2555 sagittent
965 2477 1286 2539 earroue'ecclesiastiei
1308 2487 1421 2556 patrea,
1447 2480 1553 2558 ‘Siquis
1575 2477 1717 2538 suadente

424 2581 559 2643 diabolo'.
604 2580 711 2640 Verum
739 2580 813 2639 bens
840 2586 871 2639 tu
901 2579 1049 2638 bominem
1078 2598 1141 2639 esse
1169 2581 1351 2649 memineris,
1383 2581 1471 2660 idque
1493 2582 1562 2640 satis
1584 2580 1717 2639 existima

425 2683 503 2762 quod
525 2682 577 2742 tibi
599 2682 705 2740 iratum
728 2680 816 2740 deum
838 2680 956 2748 reddat,
979 2680 1217 2758 quandoquidem
1239 2682 1351 2742 sicilie
1374 2684 1442 2743 dicit
1473 2682 1566 2753 ‘Quod
1589 2682 1718 2741 feceritis

369 2786 476 2850 §.nuni
499 2804 534 2846 ex
557 2783 684 2843 minimis
706 2782 793 2848 mels,
816 2782 887 2841 mihi
910 2782 1054 2841 leeeritis'.
1100 2781 1153 2841 l'iu
1176 2784 1264 2843 deum
1287 2785 1374 2862 igitur
1397 2784 1538 2862 prodere,
1569 2802 1636 2844 cum
1659 2782 1716 2842 hoc

424 2888 525 2955 laciaS,
549 2886 573 2945 si
595 2903 642 2944 me
665 2855 766 2943 auliels
787 2883 878 2942 simiis
893 2882 1118 2962 discerpendmu
1135 2885 1243 2944 tradis?
1266 2885 1371 2955 Quaeso
1387 2906 1450 2946 rem
1466 2887 1579 2945 intuere
1594 2904 1628 2944 ac
1644 2903 1714 2944 eon·
1725 2900 1750 2940 ao

424 2988 526 3068 sydera
554 3005 642 3065 quam
670 3004 729 3045 non
756 2985 859 3046 deceat
886 3004 952 3046 sero
981 2986 1141 3062 sapientem
1169 2993 1198 3047 te
1225 2986 1296 3047 illud
1320 2987 1394 3047 ‘Non
1422 2987 1560 3065 putabam
1584 2989 1715 3047 luturum

425 3090 489 3151 hoc’
512 3097 687 3167 praetexere:
712 3088 807 3148 eredis
830 3087 906 3146 enim
928 3104 988 3146 non
1011 3086 1199 3148 veliementer
1221 3089 1362 3167 quosdam
1385 3108 1561 3150 succensere
1583 3088 1652 3148 mibi
1677 3087 1715 3147 ob

424 3193 481 3253 boc
503 3197 729 3269 nugamentum,
761 3196 810 3248 aut
838 3206 902 3249 eam
933 3207 998 3249 esse
1026 3189 1055 3247 iu
1078 3188 1143 3249 aula
1165 3190 1412 3260 moderationem,
1444 3184 1484 3251 ut’
1498 3193 1548 3270 qui
1570 3193 1612 3251 sic
1634 3209 1715 3251 oom-

371 3295 495 3374 §.emoti
517 3295 589 3358 sint,
614 3292 780 3352 contineant
802 3291 885 3350 sese?
907 3290 1054 3350 l'raeterea
1077 3298 1223 3351 memento
1246 3292 1359 3371 aliquos
1375 3312 1439 3354 esse
1455 3292 1561 3371 quibus
1575 3293 1631 3351 iam
1648 3298 1716 3351 ante
1762 3331 1771 3347 .

424 3414 523 3456 aversa
546 3395 600 3454 luit
622 3414 637 3453 a
660 3393 763 3453 studiis
784 3410 882 3460 rnerrs;
906 3392 936 3451 bi
959 3390 1077 3450 exilient
1098 3411 1132 3452 ae
1154 3410 1236 3452 arma
1259 3402 1288 3454 et
1310 3413 1402 3472 erptios
1424 3400 1545 3472 poscent
1560 3394 1605 3453 bis
1621 3393 1749 3453 lermeu
1778 3464 1784 3474 ⁵

424 3497 521 3559 verbis
544 3497 615 3555 ‘lloe
637 3495 685 3555 ille
708 3496 782 3554 leret
804 3496 924 3574 impune
947 3493 1042 3552 scriba
1051 3493 1071 3551 l'
1100 3494 1182 3562 Nosb'
1211 3496 1288 3556 enim
1311 3497 1456 3574 quantuni
1476 3495 1596 3555 literatis
1619 3495 1716 3554 detra·

424 3606 504 3660 ctum
526 3604 642 3676 putent,
666 3596 783 3675 quando
806 3595 918 3655 scribas
941 3602 1058 3664 vocant,
1082 3596 1167 3655 nobis
1190 3596 1396 3658 coutumeliam
1419 3599 1538 3658 minime
1553 3615 1715 3675 agnoscen-

423 3700 511 3767 tibus.
556 3702 605 3779 qui
628 3707 661 3759 ut
682 3698 795 3759 stultus
810 3698 847 3757 sit
870 3704 978 3765 metus,
1007 3696 1158 3773 vulgatum
1181 3698 1237 3757 boe
1261 3707 1357 3758 tamen
1381 3707 1439 3767 est,
1470 3700 1629 3759 Occasione
1653 3705 1715 3756 tan·

369 3802 576 3883 selummodo
598 3819 673 3878 opius
694 3800 881 3877 improbitati.
927 3799 984 3859 Sed
1013 3800 1141 3858 iocatum
1170 3800 1238 3858 satis
1261 3807 1313 3896 est.
1359 3818 1412 3877 per
1438 3803 1541 3869 miras,
1572 3801 1714 3866 Stromer,

424 3901 622 3972 difficultates,
653 3910 685 3963 ut
706 3902 756 3961 tibi
785 3902 979 3979 obsequerer,
1009 3900 1137 3960 eundum
1167 3901 1234 3961 luit:
1265 3904 1392 3979 primum
1415 3901 1643 3970 canicularibus
1671 3901 1751 3960 ιιι-ιο

422 4023 623 4034 ----

388 4055 412 4097 ⁰
492 4068 759 4138 ¹nisilquaeorrst.
807 4068 1071 4134 istaslbasrorr.H.
1119 4067 1544 4138 ²negotiumr...o.eteieinsqq.
1597 4068 1716 4136 ⁴praeci·

423 4174 486 4223 pem
499 4159 532 4207 Α.
580 4158 677 4207 fidutia
690 4158 723 4206 Α.
777 4153 1013 4220 ‘'noleteorrdl.
1068 4171 1196 4206 caussam
1210 4159 1267 4207 ts.
1282 4162 1452 4224 etateinsqq.
1510 4158 1716 4222 lopportunum

425 4246 498 4296 1...6.
544 4242 671 4308 eligatil.
717 4236 1134 4305 ⁷valaniaruA*.uelaniamB.
1182 4241 1560 4307 ⁸untenuteommaposuitll.
1607 4238 1716 4306 ⁰quel'o

424 4324 705 4394 A.quael0eom·.ll.
754 4321 1029 4389 eapelndlrlbcrorr.
1046 4326 1079 4374 H.
1134 4324 1155 4356 ¹²
1170 4328 1229 4390 'post
1242 4329 1328 4394 regiis
1340 4345 1433 4379 coemto
1441 4343 1499 4392 pos.
1514 4328 1549 4376 H.
1599 4327 1715 4391 queiati.

423 4413 445 4447 ¹³
463 4416 609 4465 interenfi.
668 4407 775 4474 ¹⁶suml
795 4410 847 4459 sim
865 4410 984 4458 eom-Ji.
1047 4406 1260 4461 EcclelialtiA.
1296 4412 1531 4463 Ecclesiasticd.
1571 4410 1716 4462 Ecclesia·

424 4501 495 4551 atico
509 4503 534 4549 5.
599 4495 700 4561 Siquis]
723 4492 958 4545 concremanda
975 4492 1289 4556 pertremendum
1307 4514 1379 4563 quani
1397 4499 1556 4548 arratbemate
1571 4498 1718 4561 perentitur

423 4589 467 4652 qni
488 4588 605 4636 clericum
623 4583 782 4647 percusserit
804 4585 852 4629 etc.
941 4576 962 4610 ¹⁵³
986 4579 1034 4629 ille
1059 4578 1136 4644 dicit]
1163 4580 1260 4645 Europ.
1278 4598 1330 4631 aec.
1349 4581 1442 4631 Mattb.
1461 4582 1551 4632 XXV.
1567 4584 1609 4631 40.
1623 4583 1658 4643 ef.
1673 4584 1715 4631 15.

424 4669 444 4703 ¹⁰
462 4667 526 4735 Vin]
545 4670 631 4719 Visne
643 4682 711 4717 corr.
726 4667 762 4715 Ii.
817 4679 898 4729 quum
912 4665 969 4711 M.
982 4680 1090 4729 seraper.
1144 4661 1166 4695 ²⁰
1185 4666 1279 4715 tradas
1291 4682 1359 4716 corr.
1373 4667 1410 4715 H.
1465 4664 1555 4728 Quel'o
1571 4668 1596 4716 c.
1617 4669 1718 4729 Quaeso

423 4770 492 4805 corr.
506 4755 542 4804 H.
592 4749 635 4816 ae]
650 4755 678 4799 et
690 4765 758 4799 corr.
773 4750 809 4799 H.
856 4745 1159 4798 ffl²¹eonsidern4...o.
1206 4747 1454 4816 ²¹quanrlquod6.
1501 4751 1561 4801 Non
1575 4749 1717 4817 putabam]

424 4839 468 4889 Gi.
482 4839 518 4889 ad
536 4838 617 4903 epist.
630 4835 745 4885 Alberto
757 4836 830 4899 Meg.
844 4833 869 4882 d.
885 4817 925 4883 13.
940 4833 1015 4899 Sept.
1031 4850 1055 4883 a.
1072 4832 1145 4883 1520.
1160 4833 1254 4883 datam
1267 4834 1409 4885 adnotata.
1462 4832 1484 4865 ²²
1501 4833 1563 4901 hoc]
1577 4838 1667 4886 delenit
1680 4837 1716 4886 H.

423 4920 724 4988 ¹¹sunt]sinteorr.H.
765 4915 956 4967 studuerunt.
993 4918 1187 4968 exsitientes.
1237 4917 1353 4983 etlocb.
1396 4921 1490 4970 feren.
1538 4919 1716 4971 ’llroesl...t5.

423 5008 484 5058 Hoc
501 5006 619 5057 conell.
678 5003 811 5054 litteratis
822 5004 879 5051 M.
931 5000 953 5032 ²²
972 5001 1089 5067 quando]
1109 5005 1216 5067 quoties
1229 5021 1297 5055 corr.
1309 5008 1345 5057 H.
1398 5003 1420 5036 ²⁸
1439 5002 1578 5070 Oecete]
1598 4997 1717 5070 Προφά-

424 5104 492 5153 σεως
505 5088 598 5141 δεῖται
610 5080 700 5158 μόνον
712 5078 731 5157 η’
743 5085 878 5158 πονηρία.
903 5086 1071 5157 Diogenian.
1085 5088 1146 5139 VII.
1159 5088 1201 5139 87.
1214 5106 1237 5140 e.
1252 5091 1352 5156 interp.
1405 5088 1462 5122 Μ
1475 5090 1635 5142 tantumodo
1648 5090 1683 5140 A.

1204 5323 1223 5350 Δ
