4067 6209
389 785 505 836 Lxxn.
518 800 650 836 ruscum
664 800 701 835 u>
714 799 878 835 menuae.
903 784 1031 833 LXXIII.
1046 790 1574 871 nnumannvun.nr.n.9.ruep.tt18.
1613 770 1686 843 163

388 977 518 1034 unquam.
563 958 621 1033 Ego
650 959 693 1015 hic
720 959 779 1014 vivo
807 966 909 1032 praeter
937 963 1052 1032 propter
1080 957 1170 1012 vitain.
1214 956 1278 1011 dum
1308 957 1400 1012 amicis
1423 957 1499 1017 vivo,
1528 958 1595 1014 nihil
1618 959 1685 1015 mihi

389 1061 480 1118 neque
503 1045 586 1100 blusis
608 1045 683 1107 vivo,
708 1045 775 1099 adeo
799 1042 882 1098 semel
907 1060 1001 1098 omues
1025 1041 1166 1097 nobiscum
1188 1041 1321 1113 degentes
1344 1042 1426 1097 rectis
1450 1042 1548 1097 studiis
1572 1044 1685 1100 interdi-

389 1147 467 1191 xere,
490 1138 554 1204 post
576 1130 700 1185 cineritia
723 1130 792 1184 tosta
814 1130 1001 1189 discessurus;
1025 1127 1133 1183 interim
1156 1126 1304 1182 literarium
1326 1125 1523 1200 supellectilem
1547 1136 1574 1183 ct
1596 1146 1684 1202 augeo

389 1224 417 1269 et
440 1232 524 1276 orno,
553 1216 661 1289 quando
693 1222 810 1269 tractare
839 1230 894 1269 nou
922 1211 987 1267 licet
1015 1228 1066 1268 nec
1094 1220 1177 1267 vacat.
1222 1211 1272 1278 Qui
1302 1210 1348 1267 tibi
1373 1212 1420 1267 lias
1444 1210 1537 1266 literas
1560 1213 1684 1277 reddidit,

352 1314 366 1353 a
389 1298 438 1354 tibi
460 1299 603 1373 doctisque
626 1297 751 1373 plurimis
774 1305 870 1359 notus,
894 1305 921 1353 et
943 1314 1048 1352 mecum
1071 1296 1213 1352 amicitiam
1237 1295 1309 1358 iniit,
1333 1297 1406 1369 quod
1421 1296 1545 1370 equidem
1561 1297 1686 1370 benigni·

390 1383 452 1445 tati,
475 1385 596 1439 comitati
620 1392 648 1439 et
671 1384 788 1439 bominis
811 1383 985 1444 humanitati,
1009 1399 1065 1437 non
1081 1380 1227 1437 rusticitati
1244 1398 1310 1436 meae
1325 1381 1459 1437 condono.
1494 1399 1555 1436 euru
1573 1381 1619 1436 tibi
1636 1384 1685 1438 rni-

387 1468 459 1523 nime
481 1469 654 1531 commendo,
685 1476 781 1542 utpote
811 1467 859 1522 tibi
888 1467 1180 1523 commendatissimum
1210 1466 1261 1520 iam
1284 1466 1395 1538 pridem.
1442 1466 1468 1520 id
1490 1474 1579 1521 autent
1604 1485 1683 1541 quatu

387 1552 500 1608 maxime
522 1552 616 1615 velim,
647 1553 720 1609 illius
749 1553 836 1626 gratia
860 1570 902 1607 me
925 1551 1024 1607 habeas
1047 1551 1272 1606 commendatum.
1318 1550 1390 1605 Vale.
1434 1551 1470 1605 lle
1493 1551 1683 1607 lieviviscenti-

387 1636 439 1693 bus
461 1638 516 1693 tuis
538 1637 618 1711 plura
639 1637 719 1700 alias,
743 1638 871 1711 quoniam
893 1653 966 1692 nunc
988 1636 1095 1709 poculis
1118 1635 1235 1697 obruor.
1259 1653 1309 1701 nec
1332 1637 1442 1692 omnino
1465 1635 1623 1692 hesternum
1647 1638 1684 1691 vi·

354 1735 454 1777 tonum
476 1723 615 1779 edorrnioi.
660 1723 760 1779 lterum
782 1720 840 1777 vale
863 1731 890 1777 et
914 1722 978 1777 vive.
1023 1720 1164 1795 llerbipoli
1187 1720 1250 1776 lllll.
1273 1720 1384 1777 Kalend.
1408 1720 1548 1777 Februarii
1572 1729 1646 1783 1518.

817 1993 1228 2017 t*-

403 2324 569 2360 aauunnore.
941 2291 1122 2366 LXXIII.
1458 2319 1681 2391 Q
1734 2274 1739 2285 ¹

617 2478 837 2561 [tavuuurtvs
859 2483 982 2539 uthuttt
1003 2482 1172 2538 Btttttttoo
1194 2477 1451 2558 Ptttotttttttttttto]

954 2584 1112 2626 SALVTEM.

420 2733 423 2745 ·
471 2703 596 2760 Latorem
619 2705 714 2760 harum
736 2705 874 2762 doruinum
897 2705 1038 2760 doctorem
1061 2704 1199 2760 medicina·
1221 2702 1333 2759 llabium
1355 2703 1498 2760 Zonarium
1520 2714 1617 2780 utpote
1641 2708 1680 2764 iu·

353 2801 480 2843 iuvenem
504 2790 639 2845 eruditum
662 2798 689 2845 ct
712 2791 822 2846 doctum
846 2790 893 2845 tibi
918 2790 976 2846 cius
1006 2798 1104 2863 rogatu
1133 2790 1313 2845 commendet·
1337 2788 1521 2846 Reuchlinista
1544 2792 1615 2848 enitn
1638 2801 1680 2848 est

385 2881 413 2927 el
436 2873 484 2928 tibi
508 2882 583 2930 totus
605 2875 736 2933 devotus:
761 2876 871 2949 scripsit
894 2875 965 2930 enirn
988 2874 1073 2930 multa
1096 2883 1124 2929 ol
1147 2875 1218 2929 varia
1243 2874 1394 2948 rhythmice
1416 2884 1512 2931 curttra
1536 2876 1680 2933 Colotueu·

385 2975 428 3013 ses
451 2958 616 3021 (tatwinum,
648 2960 822 3033 'lltungarum
845 2967 872 3015 et
894 2960 1087 3015 llochstraturn
1110 2976 1186 3015 more
1210 2968 1238 3014 et
1260 2958 1324 3015 stilo
1348 2959 1526 3016 obscurorum
1550 2961 1677 3026 virorum,
1751 2982 1752 2985 ¹

385 3060 445 3115 quae
468 3043 516 3098 tibi
539 3046 617 3100 allert
640 3043 762 3118 legenda.
808 3045 908 3100 ridebis
931 3053 958 3100 et
982 3044 1099 3100 hominis
1115 3044 1185 3099 sales
1201 3043 1338 3118 probahis.
1385 3044 1485 3111 Quodsi
1502 3045 1587 3100 irater
1601 3064 1678 3102 meus

385 3126 429 3182 illa
459 3128 579 3201 legeret.
615 3131 870 3186 excommunicando
900 3128 1009 3185 diabolo
1038 3130 1141 3203 ipsum,
1177 3129 1229 3183 uisi
1258 3129 1418 3202 peonitentia
1448 3128 1583 3201 condigna
1611 3132 1678 3186 satis

349 3212 502 3276 refaceret,
525 3215 611 3270 daret.
656 3215 724 3282 Quid
747 3216 847 3271 multa?
870 3216 970 3288 dignus
993 3222 1037 3270 est
1060 3222 1154 3269 nostra
1176 3215 1315 3270 societate.

654 3398 781 3446 LXXIII.
801 3398 956 3447 Heumann.
976 3396 1046 3460 (Iud.
1058 3395 1126 3446 bibl.
1139 3396 1177 3444 n⁰.
1189 3394 1242 3452 tot
1260 3412 1286 3461 p.
1297 3395 1355 3445 tot.
1367 3411 1406 3460 sq.

828 3616 1232 3633 *-

1469 3710 1490 3750 9.
1504 3717 1584 3757 ruah.
1600 3711 1658 3752 1518.

1441 3771 1678 3786 ———-

450 3820 557 3870 Zobelii
576 3821 723 3886 epistolam
748 3821 783 3871 ad
801 3823 945 3872 Erasmum
968 3823 1032 3873 vido
1057 3822 1132 3873 infra
1149 3821 1268 3871 Hutteni
1291 3819 1452 3885 praefationi
1471 3819 1499 3868 iu
1518 3821 1610 3870 'I'itruu
1628 3823 1675 3871 Li·

382 3905 456 3954 vium
473 3906 642 3969 subiectam,
663 3906 700 3955 n⁰.
716 3906 771 3956 CX.

827 4025 1228 4040 *-

387 4124 581 4137 ——n

447 4225 583 4293 tuente]
608 4228 674 4293 Ipsa
692 4227 756 4277 illus
779 4227 884 4293 dialogi
903 4228 1041 4279 Lucionei
1066 4229 1212 4295 inscriptio
1236 4233 1279 4279 est
1297 4229 1437 4293 „Luciuni
1460 4230 1601 4293 Piscator,
1626 4245 1675 4281 seu

380 4310 619 4362 Revtvrseentest.
661 4313 704 4361 cf.
719 4329 744 4377 p.
761 4311 806 4361 151
821 4328 861 4377 sq.
1416 4319 1426 4327 “

448 4395 469 4427 ¹⁴
488 4394 631 4461 Zonarius]
652 4398 703 4446 llt‘r
722 4400 786 4447 idem
805 4396 917 4446 Giirtler
934 4397 1149 4463 Inpolotodienclr
1167 4405 1217 4460 eet,
1242 4401 1311 4447 ricius
1328 4402 1460 4461 epistolam
1478 4401 1513 4449 ud
1534 4400 1675 4449 Vadionum

379 4481 405 4529 d.
418 4479 443 4529 8.
457 4480 530 4545 Sept.
545 4498 569 4528 a.
585 4480 648 4529 1515
667 4480 840 4545 (lorriplruu
863 4498 944 4546 cupra
968 4482 1043 4545 (urim.
1062 4483 1216 4545 XXVIIII.)
1240 4482 1395 4533 exhibuimus
1419 4490 1444 4532 el
1468 4486 1504 4533 ud
1526 4500 1596 4549 quem
1620 4485 1673 4546 epi·

377 4580 489 4628 prorutae
504 4568 610 4630 erripuit
622 4566 764 4625 Hutteuus,
790 4568 859 4631 quod
871 4569 960 4631 priori
976 4569 1090 4619 h'emrnu
1107 4571 1222 4631 exeiuplo
1242 4568 1353 4615 ailditton
1371 4573 1422 4624 eal,
1441 4585 1522 4633 snpra
1537 4585 1563 4631 p.
1577 4568 1618 4615 27.
1632 4582 1673 4614 re-

376 4652 490 4712 petitum.

880 4816 1217 4834 *-
