4067 6209
340 772 414 848 280
489 783 597 838 CXXX.
616 799 717 836 :usui
732 798 795 834 nor.
808 799 846 836 so
859 800 941 835 usne.
956 800 992 836 nt
1006 801 1103 838 raon
1114 802 1194 840 nono
1205 803 1252 840 tr.
1265 802 1297 842 n.
1308 794 1351 842 n.
1365 804 1436 842 m..
1454 795 1520 841 tstb.

282 967 490 1026 t-nsenectau.
531 956 680 1016 Neminem
704 956 805 1016 adbuc
829 957 892 1016 ridi
913 961 1012 1019 minus
1038 977 1188 1020 morosa·
1214 964 1248 1022 in
1266 962 1399 1024 delectu
1425 962 1585 1024 abaram.
1631 961 1673 1026 ad

338 1066 490 1124 iuvenilem
520 1076 610 1133 usaue
638 1069 753 1118 ietateni
781 1077 869 1135 aqua
893 1071 967 1135 pau
995 1064 1160 1123 delectatus
1183 1076 1248 1132 est:
1278 1066 1318 1124 id
1345 1069 1401 1126 illi
1423 1069 1577 1142 patrium
1601 1065 1669 1140 suit

342 1181 441 1225 rerum
462 1163 520 1219 bac
539 1165 571 1218 in
593 1179 627 1219 re
645 1179 683 1219 ne
702 1165 753 1220 eui
769 1167 906 1222 molestus
926 1175 1014 1222 esset.
1041 1165 1173 1236 satiebat
1191 1169 1338 1228 conricas
1356 1185 1378 1228 e
1400 1177 1543 1230 stanneo
1562 1173 1669 1246 poculo

338 1269 493 1327 cercisiam
512 1263 619 1332 bibens,
634 1281 758 1337 eamque
779 1282 867 1339 aqua
884 1269 1074 1340 prraeiniam.
1093 1267 1275 1341 [requenter
1294 1285 1421 1344 aquarn
1440 1288 1577 1331 meram
1616 1273 1667 1331 l'i-

340 1386 418 1436 itum,
439 1369 576 1441 ammiane
594 1368 655 1423 illic
675 1383 735 1424 mos
754 1377 797 1424 est
817 1369 861 1425 ad
880 1369 957 1425 idem
977 1372 1118 1443 pacatum
1138 1372 1265 1429 ruissim
1283 1374 1426 1433 inritare
1443 1391 1533 1448 sese,
1555 1390 1683 1434 sumnus

340 1490 392 1532 ore
410 1484 620 1541 nonnunquam
647 1468 773 1532 libabat,
801 1488 839 1528 ne
864 1488 990 1545 prorsas
1019 1472 1185 1531 abborrere
1211 1474 1385 1548 rideretur,
1415 1478 1518 1536 simul
1547 1483 1582 1535 ul
1606 1479 1667 1552 ipse

273 1577 293 1629 t.
301 1578 331 1622 ιι·
340 1571 539 1632 communibus
556 1569 643 1627 rebus
663 1582 854 1630 assuesceret.
891 1574 1038 1631 carnibus
1058 1574 1188 1646 bubulis,
1209 1579 1423 1648 salsamentis,
1441 1596 1539 1654 pane
1556 1596 1664 1640 swen-

342 1676 430 1733 daria
446 1691 484 1734 ac
505 1672 689 1731 reloementer
710 1673 893 1744 sermentato
918 1676 1058 1735 libentius
1086 1678 1259 1737 vescebatur
1281 1695 1378 1753 quam
1408 1679 1461 1740 leis
1486 1682 1569 1741 cibis
1595 1698 1664 1757 quas

343 1779 447 1849 culpus
467 1775 555 1832 liabet
572 1778 602 1832 in
627 1775 755 1836 deliciis.
778 1779 892 1850 alioqui
909 1781 1081 1852 neutiquam
1098 1780 1266 1839 abhorrens
1286 1781 1326 1839 ab
1344 1782 1496 1843 omnibus
1516 1801 1591 1859 quae
1611 1800 1661 1844 to-

342 1882 482 1953 luptatem
505 1879 657 1934 instoriam
677 1877 823 1948 adserunt
843 1881 932 1937 etiarn
955 1884 1080 1954 corpori
1084 1902 1094 1939 .·
1124 1883 1321 1942 lactaria-um
1342 1891 1373 1941 et
1394 1901 1512 1944 eorum
1531 1884 1686 1957 [munau

344 1982 397 2056 aui
413 1987 578 2038 nascuntur
597 1983 626 2036 in
649 1981 818 2050 arboribus,
840 1998 958 2056 semper
975 1982 1040 2053 suit
1059 1989 1263 2058 appetentior:
1292 2001 1376 2044 esum
1395 2002 1532 2046 orarum
1552 1991 1584 2048 in
1605 1989 1658 2048 de·

276 2090 335 2144 ιιι.
345 2085 421 2142 liciis
443 2082 538 2141 babet.
591 2082 603 2140 l
609 2082 655 2140 ἀτ
677 2100 771 2156 neque
792 2083 923 2155 praisdis
945 2093 1065 2144 estnec
1086 2087 1247 2145 admodum
1267 2089 1375 2157 exitis,
1397 2089 1458 2147 sed
1475 2105 1552 2163 qua’
1564 2088 1658 2161 facile

341 2191 477 2261 penetret
501 2200 606 2246 aures.
634 2185 709 2242 nibil
733 2185 845 2244 liabens
872 2202 1016 2244 cartorum
1037 2204 1076 2246 ac
1097 2191 1198 2264 malle,
1225 2190 1282 2248 sed
1301 2191 1401 2263 ptam
1422 2191 1580 2265 loquentes
1599 2197 1656 2251 est:

345 2305 415 2347 nam
437 2287 481 2344 ad
499 2290 642 2345 musicam
665 2290 793 2346 ruralem
815 2305 835 2345 a
857 2295 969 2346 natura
989 2305 1047 2347 nan
1076 2291 1193 2349 ridetur
1218 2307 1283 2349 esse
1309 2294 1513 2365 compositus,
1541 2295 1657 2352 etiamsi

346 2392 510 2450 delectatur
524 2392 605 2448 omni
616 2392 742 2448 musices
755 2406 876 2461 periere.
909 2390 1028 2463 I.inpua
1044 2393 1120 2450 mue
1132 2395 1301 2466 explanata
1314 2394 1562 2468 articulataque,
1582 2395 1680 2454 ntlrr'ln

278 2494 459 2554 §.n-liabens·
478 2509 533 2550 nec
557 2508 696 2566 preceps
717 2509 772 2550 nec
791 2492 943 2578 bestiaris.
988 2492 1075 2551 Cultu
1102 2495 1234 2567 simplici
1255 2495 1439 2566 delectatur,
1466 2513 1528 2556 neo
1552 2499 1653 2556 serica

343 2611 522 2670 purpurare
545 2602 599 2650 aut
623 2597 737 2653 eatenis
763 2596 865 2652 aureis
893 2597 998 2665 utitur,
1028 2597 1089 2653 nisi
1111 2612 1179 2653 cuin
1204 2597 1352 2668 inteprutn
1373 2604 1506 2655 nonest
1526 2613 1651 2672 ponere.

349 2697 436 2757 ltictu
463 2696 569 2752 mirum
596 2709 685 2767 aream
711 2698 863 2770 neplipens
887 2698 926 2753 sit
949 2691 1202 2768 ceremoniarum,
1229 2698 1335 2772 ouibus
1363 2697 1521 2757 bominum
1549 2701 1651 2773 andam

349 2800 476 2856 cestiniat
495 2811 608 2855 manns
629 2799 812 2856 cirilitatem:
844 2799 992 2856 hirsuta
1017 2802 1134 2858 nemim
1158 2802 1267 2873 eripit,
1299 2801 1343 2857 ita
1369 2801 1440 2859 aliis
1469 2817 1532 2859 non
1561 2803 1651 2860 ansb

347 2906 489 2976 praestat,
510 2916 565 2958 nec
585 2900 615 2957 in
638 2901 843 2973 conpressibus
863 2918 918 2960 nec
938 2903 968 2959 iu
988 2904 1143 2972 canariis,
1160 2904 1229 2960 licet
1248 2901 1358 2958 barum
1379 2916 1439 2959 non
1457 2904 1500 2960 sit
1515 2905 1674 2975 ipnnrnsn

350 3006 378 3062 si
397 3003 496 3061 lubeat
514 3004 573 3060 uti:
607 3003 663 3061 sed
681 3004 822 3062 nuiliebre
842 3011 929 3077 putat
953 3006 1073 3076 riroqne
1095 3001 1251 3076 indipnum
1277 3002 1425 3060 eiusmodi
1450 3003 1576 3077 ineptiis
1598 3004 1648 3063 bo-

281 3114 421 3166 t·¹³.nam
442 3108 580 3180 temporis
596 3113 715 3179 partem
737 3106 900 3163 absumere.
945 3105 989 3163 Ab
1010 3107 1083 3162 atila
1095 3107 1328 3187 principumque
1345 3102 1565 3175 familiaritate
1585 3107 1648 3164 alini

347 3208 409 3280 suit
430 3209 571 3276 alienior,
600 3208 681 3280 quod
701 3210 747 3266 illi
766 3224 882 3281 semper
901 3209 1099 3281 peculiariter
1121 3208 1215 3263 ineisa
1241 3206 1341 3278 suerit
1360 3208 1515 3281 tyrannis,
1546 3222 1644 3280 quem-

350 3310 510 3368 admodum
532 3311 689 3383 (equalitas
707 3311 898 3381 peritissima:
928 3312 978 3387 ria
1000 3315 1098 3366 autem
1120 3310 1257 3381 reperias
1277 3309 1494 3395 ullam-aulam
1509 3313 1573 3366 tarn
1586 3323 1647 3366 ma-

351 3414 479 3482 destam,
508 3428 575 3485 aare
597 3427 654 3468 non
678 3414 800 3469 multam
822 3411 930 3469 brebem
950 3414 1091 3484 strepitus
1113 3418 1201 3483 atque
1221 3409 1402 3480 ambitionis,
1426 3407 1554 3480 rn‘ullum
1573 3408 1672 3481 suein

351 3518 472 3572 maltieni
494 3517 600 3583 laras,
623 3530 747 3588 quiaque
761 3530 892 3587 prorsus
914 3512 989 3571 absit
1010 3512 1049 3569 ab
1070 3514 1151 3569 amni
1169 3513 1269 3584 speeie
1284 3511 1473 3585 tyrannidis:
1506 3514 1581 3585 auin
1597 3527 1647 3569 nee

352 3621 382 3676 in
401 3617 526 3676 Μιναίαν·
541 3619 638 3674 catini
655 3618 757 3673 (cultim
769 3614 911 3689 pertralti
925 3617 1035 3688 potuit,
1060 3615 1120 3670 nisi
1135 3615 1225 3670 multo
1241 3614 1377 3685 aconcio,
1399 3628 1466 3670 cum
1485 3613 1543 3671 bae
1558 3614 1646 3687 prin-

283 3722 419 3795 §.uatpe
442 3737 497 3778 nec
518 3720 619 3793 aptari
641 3721 799 3791 quitatione
823 3720 917 3791 possit
944 3718 1060 3774 cirillus
1087 3731 1124 3773 ac
1150 3715 1316 3773 modestius.
1360 3712 1480 3772 Natura
1507 3714 1648 3772 libertatis

353 3830 441 3897 litante
461 3824 520 3880 ocii
538 3827 582 3880 est
601 3820 734 3881 timidior,-
765 3820 820 3878 sed
839 3817 1087 3893 qeeetttadmotlutn
1114 3818 1177 3874 octo
1204 3832 1270 3874 cum
1300 3816 1391 3873 dictur
1419 3814 1523 3873 labens
1550 3818 1647 3885 utitur,

284 3927 409 3995 pinita,
430 3926 540 3998 qiioties
559 3924 655 3997 prisci!
673 3938 735 3992 res,
754 3937 839 3981 nemo
860 3922 1031 3994 vipitautior
1052 3928 1106 3977 aut
1122 3921 1294 3993 patientior.
1325 3918 1369 3975 ad
1383 3918 1547 3975 amicitiam
1564 3925 1676 3975 malms

349 4026 510 4099 [certasque
535 4025 665 4095 videtur,
696 4025 780 4082 cuias
801 4030 830 4082 et
855 4025 1079 4097 syncerissimus
1108 4029 1152 4080 est
1172 4023 1268 4079 ciiitor
1288 4026 1317 4078 et
1335 4022 1422 4091 lonae
1447 4021 1649 4078 tenacissimus

352 4136 395 4186 est
401 4149 412 4195 ,·
441 4145 495 4186 nec
514 4129 563 4185 ille
582 4128 682 4184 inetieit
702 4122 909 4202 πολυφιλίαν
938 4125 976 4183 ab
986 4124 1133 4207 ,Hesiodo
1158 4138 1269 4197 parum
1290 4122 1465 4180 laudatam:
1495 4123 1577 4179 nulli
1594 4135 1648 4180 nan

348 4236 434 4305 patet
457 4228 501 4287 ad
523 4228 747 4293 necessitudinis
765 4226 886 4299 serdus·
918 4242 1106 4301 nequaquam
1126 4240 1259 4284 morosus
1280 4225 1311 4281 in
1334 4222 1498 4295 ditipendo,
1518 4237 1646 4281 commo·

352 4333 490 4391 dussimus
512 4333 542 4388 in
564 4330 687 4399 alendo,
706 4331 958 4388 eotistuntissimus
979 4331 1010 4387 in
1031 4327 1204 4394 retinend0;
1234 4327 1262 4383 si
1276 4324 1346 4396 sors
1368 4324 1472 4383 incidit
1492 4326 1522 4383 in
1545 4339 1648 4398 quem-

350 4438 434 4511 piam
453 4435 538 4492 cuias
557 4433 634 4490 vitiis·
653 4431 767 4490 auderi
785 4448 842 4490 non
863 4433 968 4505 possit,
991 4431 1071 4488 batto
1087 4445 1147 4503 per
1165 4430 1347 4486 occasionum
1363 4427 1493 4496 dimittit,
1516 4425 1678 4486 aramma

352 4539 529 4608 creabilium,
558 4552 616 4594 riou
640 4534 827 4607 abrumpens.
872 4550 945 4607 quos
971 4547 1111 4607 syncerae
1138 4532 1250 4604 reperit
1269 4536 1298 4587 et
1321 4529 1365 4586 ad
1391 4528 1542 4600 inpertiam
1567 4541 1649 4585 mum

353 4642 516 4715 appositas.
545 4638 651 4697 borium
677 4636 888 4697 consuetudine
912 4634 1086 4709 fabrilisque
1113 4636 1157 4692 sic
1183 4633 1362 4700 delectatur,
1389 4636 1421 4688 αι
1442 4631 1473 4688 in
1495 4629 1543 4687 bis
1566 4629 1650 4688 rebus

316 4789 319 4798 ¹
355 4791 556 4802 ιιι-...ι-

422 4890 433 4924 ⁴
452 4893 615 4942 cerevisiam
630 4896 654 4941 5.
664 4896 687 4939 7.
698 4892 721 4940 8.
793 4889 803 4921 ⁸
822 4889 942 4938 libenter
955 4893 978 4937 7.
989 4891 1012 4937 8.
1083 4883 1106 4917 ³¹
1125 4885 1229 4948 πολυφ.
1245 4883 1279 4933 nb
1292 4879 1423 4946 Hesiodo]
1438 4879 1491 4945 op.
1506 4885 1534 4930 el
1552 4880 1578 4930 d.
1593 4877 1649 4929 711.

356 4994 414 5043 sqq.
434 5015 450 5036 „
494 4969 587 5035 δειλός
599 4993 642 5027 τοι
655 4967 733 5042 α’νὴρ
747 4974 834 5039 φίλον
846 4963 946 5024 ἄλλοτε
959 4962 1048 5023 ἄλλον
1062 4970 1193 5020 Hatsiun
1208 5004 1277 5017 .......
1291 4961 1376 5032 Μηδὲ
1390 4958 1572 5031 πολύξεινον,
1585 4953 1651 5031 μηδ’

356 5056 473 5124 ἄξεινον
485 5055 649 5112 καλέεσθαι.
670 5062 753 5111 miser
772 5060 844 5108 αιιίιιι
862 5060 905 5108 vir
923 5059 1042 5107 naricum
1063 5056 1134 5106 alins
1153 5053 1237 5103 alium
1256 5053 1327 5101 facit
1340 5088 1407 5103 .......
1421 5052 1461 5101 Ne
1473 5066 1541 5100 vero
1554 5049 1650 5100 mullo·

357 5161 414 5197 rum
434 5146 533 5212 hospes
551 5161 621 5196 nevo
640 5144 742 5195 nullius
761 5145 861 5210 hospes
880 5144 1008 5194 dicaris''.
1062 5139 1084 5172 ³⁴
1103 5140 1170 5191 soris
1183 5140 1340 5188 2...t.o...8.
1379 5181 1384 5191 ,
