4067 6209
642 730 720 782 vm·
739 744 822 781 olon
836 743 953 781 mum
965 744 1003 780 An
1016 745 1168 782 urrunnun
1180 745 1224 781 ΕΡ.
1248 747 1276 782 D·
1289 738 1310 781 8·
1323 743 1406 783 run.
1419 738 1479 781 lllll·
1639 715 1685 787 ¹9

377 920 464 965 naue
486 902 623 963 detonsis
640 902 795 981 mamus,
823 902 1021 961 iureiurando
1042 900 1183 975 affirmas
1200 908 1324 977 enatum
1345 908 1428 962 tuum
1443 918 1504 979 per
1530 909 1558 962 le
1579 903 1686 964 reuer-

377 1022 483 1066 mm
496 1008 530 1066 in
550 1006 710 1076 cumdum
732 1020 790 1064 nori
805 1004 945 1064 audiente
960 1005 1123 1063 renuncies
1134 1011 1298 1079 patarinum
1314 1007 1462 1063 animum:
1481 1006 1525 1064 sic
1541 1003 1687 1066 sedantur

378 1110 476 1168 colai:
508 1115 544 1166 tu
565 1107 685 1190 mierum
704 1108 878 1177 remotiora,
913 1106 969 1165 luae
990 1114 1035 1165 est
1055 1122 1132 1165 noua
1149 1108 1262 1166 moliris
1282 1112 1312 1166 et
1325 1112 1451 1180 pactum
1469 1107 1512 1166 m's
1532 1110 1685 1168 extollere.

378 1210 455 1270 Hoec
476 1226 554 1269 uera
571 1213 657 1280 sunt,
682 1205 782 1268 lllrice
801 1206 947 1266 Hutteue:
977 1210 1039 1267 uult
1058 1224 1165 1267 carere
1183 1211 1300 1281 penitur
1320 1216 1388 1267 tures
1409 1210 1490 1267 omni
1507 1210 1684 1285 suspicione,

325 1384 327 1388 Ι
361 1311 462 1387 lowel
481 1311 634 1370 mehercle
652 1308 754 1383 facit,·
787 1310 830 1368 ita
850 1311 936 1369 exuit
955 1325 1069 1369 amnem
1091 1311 1139 1369 sui
1158 1312 1369 1386 suspicionem,
1403 1317 1436 1369 ut
1454 1310 1594 1370 morumld
1612 1326 1684 1371 cre-

380 1413 455 1472 dent
476 1412 558 1471 nme
576 1414 674 1487 ipsum
693 1427 778 1485 teque
796 1417 974 1486 exspectare
995 1428 1033 1471 ac
1054 1419 1134 1471 tuum
1143 1401 1295 1480 ‚reditum
1335 1429 1394 1472 non
1420 1414 1538 1472 omniuo
1557 1412 1683 1483 sellun·

380 1519 438 1587 tur,
460 1516 537 1589 quio
556 1513 624 1573 uaee
643 1515 777 1582 molitur,·
795 1529 877 1574 mens
898 1521 1013 1587 tomas,
1035 1521 1068 1572 ut
1088 1514 1213 1586 audisti,
1233 1514 1330 1574 subest
1351 1516 1428 1587 alia,
1454 1516 1482 1574 si
1495 1515 1682 1590 propositum

297 1639 300 1646 ·
379 1618 539 1676 cartalitano
560 1618 640 1675 mole
659 1618 842 1675 successerit.
882 1616 969 1676 Aesim
988 1618 1141 1691 superiori
1159 1616 1203 1674 ad
1219 1619 1359 1692 poculum
1385 1618 1545 1678 serotinum
1561 1617 1640 1675 milri
1654 1621 1737 1676 etl-⁷.

380 1718 497 1778 luuous
515 1719 642 1792 reliquis
661 1717 857 1777 maenius
878 1717 957 1796 (nam
978 1719 1082 1777 celeri
1100 1717 1246 1796 adierant)
1266 1735 1297 1777 se
1318 1725 1407 1779 totum
1425 1721 1489 1778 sine
1509 1718 1585 1777 uulm
1603 1735 1681 1794 ape·-

349 1823 457 1880 uruit:
490 1822 553 1879 tria
576 1820 667 1879 amba
687 1820 766 1879 duait
785 1819 838 1879 tili
855 1820 1066 1879 mernuranda:
1099 1820 1157 1879 diis
1185 1821 1217 1879 in
1241 1820 1331 1892 fidem
1358 1824 1468 1881 vocatis
1490 1823 1600 1880 iurarit
1618 1837 1682 1881 sese
1776 1888 1780 1895 ,

378 1933 497 1982 cauam
524 1923 651 1996 florenis
679 1924 884 1982 nomismatum
913 1924 986 1982 uelle
1017 1922 1150 1983 mercori
1176 1923 1359 1997 priusquam
1392 1925 1500 1982 marsia
1541 1923 1681 1983 l'utdana

378 2028 479 2085 amet
499 2040 590 2099 equa,
611 2040 650 2082 ne
674 2029 714 2084 tot
739 2039 834 2082 annos
853 2024 909 2084 luoc
926 2026 956 2083 in
975 2026 1154 2083 neonasleria
1175 2023 1224 2083 luic
1244 2027 1439 2084 contrivisses.
1463 2024 1571 2084 deinde
1592 2026 1683 2100 capit

379 2126 417 2186 de
432 2128 596 2200 relipione,
624 2125 681 2184 sili
699 2126 813 2198 uideri,
840 2127 896 2198 ait,
919 2127 1093 2197 uerisimile,
1115 2143 1153 2186 ne
1174 2141 1304 2199 unquam
1326 2126 1418 2187 bonus
1441 2127 1585 2186 ccetuoleita
1606 2142 1681 2185 eua-

380 2226 478 2288 deres.
525 2229 611 2287 terlio
631 2229 803 2288 memorauit
823 2228 952 2300 aliquem
972 2244 1036 2287 esse
1055 2230 1086 2287 in
1107 2228 1200 2289 Italia
1225 2233 1330 2288 uestra
1347 2228 1479 2299 familie
1502 2230 1601 2289 calais
1624 2228 1680 2299 so-

349 2330 518 2392 sirensibus
538 2329 717 2389 mirabiliter
738 2328 939 2398 nobilitatum·
960 2332 986 2389 si
999 2331 1117 2390 redires
1137 2331 1366 2406 applicaresque
1384 2337 1412 2390 te
1426 2330 1679 2410 iurisprudenticc,

378 2435 496 2493 omissis
517 2434 577 2491 tuis
596 2434 693 2505 nupis,
714 2438 875 2491 memorato
895 2432 1048 2491 causidico
1067 2450 1099 2492 se
1121 2435 1193 2492 aelle
1214 2438 1241 2491 le
1267 2434 1399 2492 mittere:
1426 2436 1529 2493 melas
1551 2435 1583 2493 in
1606 2431 1679 2507 soro

377 2537 467 2606 pieres
488 2534 599 2593 rabula
617 2532 762 2606 sorensis,
791 2513 971 2607 profutur'us
988 2537 1074 2608 penti
1098 2534 1268 2606 Huttarum,
1301 2550 1391 2609 qaam
1408 2534 1579 2596 'monachus
1599 2552 1677 2612 per-

381 2653 498 2713 versus,
524 2637 604 2696 male
627 2634 787 2695 auditurus
808 2636 949 2711 patrimus
972 2637 1164 2710 presidibus.
1207 2637 1283 2697 Hae
1309 2643 1388 2712 tuuc.
1430 2638 1512 2712 quod
1530 2640 1590 2698 iam
1611 2645 1735 2699 ueram

380 2741 471 2799 aliter
491 2738 619 2814 scribet,
640 2737 775 2810 mundet,
797 2740 919 2813 clantel,
940 2737 1134 2816 vociferetur,
1162 2740 1366 2816 uoluminum:
1391 2756 1516 2800 causam
1534 2745 1682 2801 recensui.

349 2839 465 2913 nereo
484 2842 545 2900 illis
566 2839 682 2919 duabus
701 2841 774 2898 mas
787 2841 917 2915 epistolis
936 2839 1101 2914 deperditis
1116 2841 1275 2914 dilipenter
1292 2842 1345 2901 tili
1362 2843 1525 2903 suadebam
1541 2844 1680 2918 reditum,

381 2958 439 3002 non
464 2943 509 3001 ad
525 2943 703 3001 causalium
726 2941 879 3001 Gallorum
907 2939 987 3019 (ruam
1008 2942 1152 3016 qudquid
1172 2943 1317 3001 eiusmodi
1336 2949 1393 3015 est,
1415 2943 1492 3003 nillil
1511 2944 1604 3024 dico),
1626 2948 1682 3006 sed

381 3044 462 3118 qiuod
480 3045 691 3120 introspiceres
710 3045 863 3104 consiliam
876 3050 1040 3118 paternum
1061 3046 1211 3103 secretius.
1247 3044 1355 3105 Manui
1372 3046 1483 3115 eodem,
1505 3048 1533 3105 si
1552 3047 1605 3106 tili
1623 3064 1679 3107 sa-

380 3152 482 3221 epecta
494 3145 580 3220 sorel
593 3160 664 3220 poa
676 3148 788 3220 patris,
812 3146 986 3205 comederes
1005 3145 1092 3220 apud
1107 3145 1184 3217 fidos
1206 3149 1316 3206 emicas
1337 3153 1366 3206 el
1380 3149 1576 3225 propinquas,
1599 3148 1680 3207 unde

382 3247 547 3306 llorlareris
564 3248 709 3308 nominem
730 3254 758 3306 te
778 3248 900 3320 edesse,
921 3249 1065 3322 pellequid
1078 3251 1162 3307 uellet
1176 3248 1352 3317 mandaret·
1374 3247 1482 3308 deinde
1502 3248 1678 3323 displicente

349 3349 433 3411 uriel
453 3350 636 3429 conditione,
653 3365 743 3425 posse
762 3350 814 3409 tibi
829 3356 935 3425 patere
956 3355 1046 3409 totum
1067 3350 1220 3409 usandum.
1256 3350 1344 3411 Nunc
1363 3350 1441 3409 idem
1461 3351 1578 3409 uidetur
1597 3353 1734 3425 opti-§.n

382 3467 458 3510 mum
478 3452 613 3526 sactum,
646 3452 690 3510 ad
712 3451 793 3526 quad
812 3459 839 3513 te
861 3451 978 3524 hortor,
1009 3468 1127 3524 manea,
1158 3453 1262 3512 iruaito:
1294 3453 1386 3513 crede
1412 3453 1486 3510 milui
1510 3453 1568 3510 tuis
1590 3452 1678 3511 relus

382 3555 517 3626 sollicita,
545 3569 605 3613 non
626 3560 653 3613 le
669 3556 770 3629 capiet
789 3554 961 3628 plenitude·
986 3556 1033 3613 sin
1056 3562 1154 3637 autem
1176 3554 1352 3630 imprudens
1372 3560 1504 3613 nostrum
1524 3554 1677 3611 corusr'liam

383 3656 511 3726 uidetur,
539 3655 598 3728 sac
615 3655 696 3731 quod
716 3656 797 3727 libet,
825 3656 944 3716 scribito
964 3657 1046 3729 quod
1063 3643 1257 3731 Pomponium
1279 3654 1393 3714 Latium
1415 3654 1459 3712 ud
1472 3656 1608 3728 patrium
1628 3671 1676 3714 re·

383 3765 514 3817 uocatum
541 3775 562 3816 a
584 3757 682 3817 Boura
708 3760 897 3832 rescripsisse
921 3760 1038 3817 salitum
1070 3759 1254 3832 accepimus,
1285 3756 1431 3831 siquidem
1460 3771 1521 3814 non
1545 3755 1678 3831 probans

354 3875 501 3920 suarum
523 3862 699 3919 uoluntatem
722 3862 766 3919 sie
787 3860 1154 3937 respoudit„eaue0u1us
1181 3868 1286 3911 cneus
1307 3867 1489 3918 euaeeuaues
1508 3867 1551 3909 ee
1571 3868 1679 3911 nutas

383 3972 530 4016 &curem
567 3962 652 4033 Quod
669 3963 781 4037 petitis,
806 3960 885 4033 sieri
904 3978 963 4021 uon
983 3968 1087 4037 potest.
1117 3962 1252 4021 l⁷alete“:
1279 3976 1338 4018 vox
1358 3951 1505 4019 mehercle
1525 3977 1545 4019 a
1567 3977 1678 4036 mtupiuo

383 4068 479 4123 animo
508 4063 667 4139 prosecta,
706 4065 759 4123 tili
789 4066 889 4123 iamne
917 4066 1021 4123 similis
1051 4064 1143 4123 studii
1171 4079 1230 4122 ruore.
1262 4062 1444 4173 spefnenda.
1489 4063 1534 4124 Ile
1567 4077 1744 4128 mana-§.m

382 4166 442 4224 eltis
464 4172 563 4226 autem
592 4167 672 4241 quad
693 4182 865 4243 memorem,
892 4182 1147 4242 superuacaneum
1164 4170 1251 4240 puta,
1276 4167 1445 4241 prasertim
1473 4168 1595 4241 qcuuudo
1614 4168 1674 4227 lm-

382 4266 448 4328 leus
470 4270 557 4328 omas
582 4270 687 4328 literas
713 4283 760 4327 me
787 4270 949 4345 interprete
975 4276 1131 4329 exaratas.
1165 4283 1256 4327 urium
1283 4266 1360 4327 illud
1386 4274 1497 4340 teneto,
1529 4286 1629 4330 omnes
1651 4276 1678 4327 te

444 4470 456 4503 ⁴
473 4473 569 4536 genito
588 4473 615 4520 3.
669 4469 687 4504 ¹¹
707 4477 818 4523 centum
830 4470 914 4521 filiios
932 4486 959 4523 n.
973 4475 998 4523 l.
1013 4475 1123 4522 centnm
1141 4469 1213 4520 filios
1230 4486 1258 4519 n.
1270 4473 1297 4520 2.
1312 4472 1337 4519 3.
1353 4473 1377 4521 l.
1391 4469 1463 4519 filios
1480 4471 1587 4533 defendi
1598 4486 1678 4535 posse

378 4562 449 4619 pua
466 4561 530 4606 male
547 4572 625 4607 sanus
643 4558 668 4607 l.
701 4557 848 4609 Germanice
862 4557 990 4607 Hutlenus
1005 4563 1083 4621 paler
1095 4557 1195 4605 ‹liscerll
1217 4555 1287 4618 „Ich
1304 4554 1393 4617 wollt,
1413 4554 1459 4604 bei
1473 4555 1553 4619 Gall,
1574 4554 1616 4605 eh'
1629 4554 1675 4604 ich

381 4642 480 4691 wieder
505 4656 555 4691 aas
573 4642 643 4693 Fulcl
662 4644 797 4702 uusrcite,
826 4640 874 4690 100
891 4642 998 4691 (sulcen
1013 4640 1082 4691 Gelu
1101 4641 1177 4689 duum
1202 4639 1306 4704 geben,
1331 4640 1386 4689 ‹lnls
1404 4638 1453 4687 ‹ler
1475 4639 1573 4688 Ulrich
1597 4638 1676 4688 nicht

379 4743 408 4777 oo
430 4726 531 4777 munch
548 4727 620 4777 lala
642 4728 703 4777 hier
726 4729 754 4776 in
778 4728 882 4777 diesem
901 4725 1017 4776 Klostcu·
1036 4724 1209 4790 eugebrachl
1230 4724 1340 4776 luittet‘
1410 4724 1430 4759 ¹¹
1454 4724 1572 4775 mercari
1589 4725 1674 4789 prius,

380 4828 458 4877 quum
477 4817 503 4863 2.
518 4815 544 4863 3.
559 4815 584 4863 l.
648 4810 668 4844 ¹¹
686 4812 815 4862 Fuldana
834 4816 861 4863 3.
918 4810 948 4844 ¹²
966 4813 1043 4876 cepit
1063 4813 1167 4861 1.2.·3.
1234 4807 1542 4860 ¹⁷Huttenor11m3.l.
1564 4806 1675 4873 [cedua-

378 4916 429 4949 nen
446 4902 521 4949 modu
539 4900 615 4959 Hui,
639 4900 713 4949 modo
727 4900 847 4949 Hulten
863 4894 1069 4963 praserelmlmn]
1141 4894 1161 4928 ¹⁹
1179 4896 1293 4946 mandat
1313 4900 1337 4945 l.
1407 4895 1427 4928 ²¹
1448 4894 1599 4957 Gallorum,
1619 4897 1636 4944 i.
1650 4911 1672 4944 e.

377 4987 537 5035 marlotum
554 4988 644 5034 nutris
661 4987 765 5035 deorum
782 4986 931 5049 spadonum.
989 4979 1011 5012 ¹¹
1031 4982 1135 5031 eisdem
1150 4984 1176 5031 3.
1191 4985 1215 5031 l.
1231 4980 1292 5047 (pra
1311 4981 1419 5043 eodem)
1477 4978 1499 5011 ¹¹
1517 4980 1675 5044 spernenda

378 5070 410 5121 dc
430 5075 454 5121 1.

1384 5149 1428 5210 ᾗ*
