4067 6209
462 717 509 788 42
715 732 813 783 XXVI.
839 748 963 785 nvrrrur
976 749 1013 784 en
1027 748 1118 786 racon.
1133 751 1221 787 rvcus
1234 753 1277 787 cr.
1292 753 1318 788 n.
1333 746 1426 791 lauru.
1441 746 1501 789 ¹515.

461 903 548 964 Vides
569 921 635 980 qum
656 902 694 963 sit
715 904 867 966 atrocitas:
890 921 907 964 a
928 922 987 982 quo
1009 903 1151 966 liberatus
1173 908 1240 976 luit,
1272 909 1334 969 eius
1355 908 1465 970 liberos
1487 909 1626 987 perdidit:
1656 906 1752 969 excla-

404 1060 408 1066 .
462 1024 544 1066 mare
566 1004 638 1065 libet
659 1005 688 1064 in
710 1003 773 1064 haec
794 1012 945 1082 tempora,
979 1006 1086 1086 quihus
1113 1016 1192 1068 taum
1220 1010 1286 1070 fidu
1314 1029 1349 1071 ac
1375 1012 1528 1089 probitatis
1556 1011 1670 1069 vastitas
1699 1018 1751 1071 est.

393 1127 413 1178 a.
422 1128 452 1174 u.
462 1106 523 1178 lam
550 1123 674 1190 uxorem
701 1108 797 1167 iuveni
826 1106 971 1168 locaverat
998 1117 1098 1186 pater,
1133 1110 1260 1188 puellam
1289 1122 1455 1183 venustam,
1488 1111 1630 1181 nobilem,
1665 1131 1753 1191 equam

463 1208 594 1278 amabat,
617 1228 671 1269 suo
688 1226 815 1285 magno,
845 1216 878 1270 ut
898 1209 1045 1280 videmus,
1074 1211 1166 1273 malo:
1195 1213 1272 1275 hanc
1293 1215 1409 1276 dulcem
1431 1215 1544 1275 vivendi
1566 1216 1753 1275 consuetudi-

393 1330 545 1384 §.rr.nem,
578 1311 635 1372 hoc
656 1310 854 1388 pulcherrime
875 1312 1039 1373 institutum
1061 1315 1125 1374 vitae
1147 1334 1254 1393 genus,
1288 1326 1444 1395 antequam
1466 1317 1502 1377 ad
1531 1318 1657 1377 tructurn
1686 1328 1776 1393 per-⁵

463 1415 588 1483 veniret,
612 1414 730 1491 abrupit
751 1413 893 1475 scelestus
915 1415 1069 1492 parricida.
1114 1417 1230 1477 Patrem
1253 1418 1453 1497 Ludovicbum
1481 1419 1561 1478 aiunt
1589 1419 1754 1479 miserrime

393 1565 406 1592 ,
463 1516 639 1585 condictum
662 1535 709 1577 me
731 1523 810 1578 tenet
832 1516 880 1577 hic
902 1516 1072 1578 valetudinis
1095 1538 1180 1588 cura;
1204 1518 1254 1580 ubi
1269 1521 1396 1597 primurn
1413 1518 1596 1589 corualuero,
1620 1521 1655 1579 ad
1672 1518 1753 1579 illnm

393 1641 451 1691 era.
464 1619 639 1688 concedam,
673 1626 707 1679 ut
734 1617 915 1679 condoleam.
960 1619 1030 1697 quid
1059 1638 1179 1698 possum
1206 1622 1284 1682 enim
1312 1620 1410 1682 aliud?
1442 1628 1493 1682 aut
1518 1623 1542 1681 si
1576 1623 1646 1701 quid
1676 1620 1754 1681 aliud

461 1739 594 1799 possem,
632 1721 679 1781 cui
701 1721 810 1781 rectius
831 1720 1021 1798 praestarem?
1055 1723 1133 1782 nosti
1154 1730 1187 1784 ut
1208 1724 1245 1784 de
1268 1742 1315 1784 me
1342 1724 1381 1783 sit
1407 1724 1544 1783 meritus:
1581 1724 1670 1784 habet
1696 1724 1754 1785 hoc

462 1829 595 1900 tempore
610 1822 766 1883 Germania
788 1822 866 1901 quod
889 1841 937 1882 me
951 1822 1076 1885 delectet
1096 1824 1182 1894 urbib
1205 1826 1393 1887 acerbissime
1407 1826 1495 1886 afficit
1510 1825 1618 1903 gentile
1633 1824 1752 1885 malurn.
1766 1835 1790 1876 ¹⁰
1806 1899 1812 1915 .

462 1924 557 1986 Credo
578 1926 656 2005 apud
680 1924 824 1985 Caesarem
847 1931 876 1985 et
898 1933 1073 1986 convocatos
1095 1927 1258 1987 Germaniae
1285 1930 1433 2006 principes
1460 1928 1645 1994 accusabitur
1674 1945 1752 1987 reus

462 2028 522 2089 aire
544 2027 649 2096 adero,
680 2046 716 2087 ex
738 2045 786 2086 me
808 2026 878 2104 quid
900 2028 950 2087 liat
971 2027 1080 2099 disces,
1103 2030 1162 2090 sive
1184 2030 1221 2090 ad
1243 2037 1272 2090 te
1294 2031 1322 2089 in
1346 2028 1456 2090 ltaliam
1477 2030 1541 2100 ibo,
1560 2027 1647 2089 'nihil
1670 2030 1752 2106 igno-

394 2130 601 2207 gierahimus.
645 2129 746 2190 Potest
767 2128 830 2189 haec
852 2136 922 2189 aetas
943 2130 968 2190 si
990 2129 1060 2191 nihil
1083 2130 1170 2200 aliud,
1193 2131 1249 2191 hoc
1271 2130 1373 2191 saltem
1396 2122 1502 2192 novum
1520 2140 1548 2191 et
1563 2128 1753 2191 memorabile

461 2230 623 2311 pbsteritati
645 2231 772 2291 tradere.
817 2229 892 2300 Quid
915 2232 1009 2292 dicam
1032 2234 1151 2309 ignoro:
1175 2232 1232 2293 hoc
1253 2251 1344 2294 uuum
1366 2234 1437 2301 scio,
1461 2233 1539 2311 quod
1562 2231 1638 2293 malo
1660 2233 1752 2292 lortu·

406 2377 409 2384 -
461 2335 521 2396 nati
543 2352 645 2396 sumus
666 2334 795 2394 Hutteni.
839 2333 948 2394 Verum
971 2333 1051 2393 huuc
1072 2333 1202 2405 luctum,
1225 2352 1279 2412 per
1301 2354 1332 2395 se
1354 2352 1493 2411 magnum
1516 2334 1643 2412 quidem,
1666 2339 1788 2411 augetu
1829 2357 1832 2362 >

462 2443 559 2498 umen
582 2436 678 2496 adbuc
699 2434 818 2495 ltelvolli
841 2434 952 2496 obitus:
980 2434 1085 2496 calculi
1107 2436 1212 2497 morbo
1235 2437 1356 2505 occidit,
1385 2454 1444 2514 quo
1472 2435 1623 2496 laborabat
1644 2434 1754 2514 aliquot

394 2540 520 2614 qudam
542 2557 648 2607 annos,
671 2556 726 2598 nec
747 2556 765 2605 a
787 2537 908 2598 medicis
930 2537 1078 2598 subveniri
1100 2545 1224 2615 poterat.
1268 2539 1347 2598 ltlors
1368 2537 1439 2599 mihi
1462 2540 1524 2598 eius
1538 2546 1572 2598 ut
1586 2539 1754 2616 importuna

413 2672 417 2680 ·
462 2640 582 2708 accidit,
605 2641 645 2699 ita
667 2657 806 2716 magnum
828 2639 926 2698 animo
948 2637 1081 2700 dolorem
1104 2642 1271 2701 concitavit:
1300 2641 1451 2717 inceperat
1472 2638 1670 2717 pulcherrime
1692 2646 1753 2700 stu·

462 2742 518 2802 diis
539 2741 612 2801 meis
641 2739 815 2808 consulere,
850 2747 938 2818 atquc
965 2759 998 2800 ea
1025 2759 1086 2801 non
1114 2742 1239 2802 obscure
1266 2743 1323 2802 iam
1352 2749 1553 2819 promoverat,
1590 2742 1753 2819 principem

394 2864 451 2916 §.rs
461 2850 565 2903 nactus
585 2842 717 2903 iurandis
737 2841 829 2902 literis
850 2825 998 2911 idoneum,
1021 2842 1173 2905 altbertum
1194 2843 1454 2924 hrchiepiscopum
1468 2843 1681 2922 bloguntinum,
1703 2844 1790 2922 qui2⁰

460 2946 666 3023 propositurus
687 2945 785 3005 virtuti
807 2945 926 3021 praemia
949 2944 1088 3015 creditur,
1111 2953 1141 3006 et
1161 2962 1215 3022 per
1238 2964 1325 3023 quem
1346 2946 1477 3007 futurum
1492 2953 1596 3023 putant
1610 2946 1753 3015 homines,
1819 2954 1824 2959 ’

461 3053 495 3107 nt
515 3053 595 3108 recta
617 3046 711 3106 studia
734 3044 912 3115 coalescant,
942 3046 1094 3108 barbaries
1116 3046 1230 3108 exulet:
1260 3047 1328 3107 huic
1355 3067 1403 3107 me
1430 3065 1490 3108 non
1512 3046 1652 3108 inutiliter
1674 3066 1753 3108 com·

461 3147 657 3209 meudaverat.
703 3131 855 3208 Studiosos¹
878 3149 954 3208 enim
977 3148 1094 3209 amabat
1115 3168 1148 3208 ac
1170 3148 1301 3210 literatos
1322 3149 1443 3219 omneis,
1467 3148 1669 3210 clamabatur
1691 3150 1754 3226 ipse

461 3250 588 3311 vicissim
610 3249 647 3310 ah
670 3249 815 3310 omnibus.
852 3249 954 3311 Latine
976 3250 1091 3311 dicebat
1112 3259 1249 3329 prompte
1271 3259 1300 3311 et
1320 3249 1506 3329 incorruptess
1529 3251 1646 3328 scriptis
1667 3251 1753 3311 etiam

299 3423 301 3428 ,
393 3375 413 3427 ς.
422 3376 453 3422 ro,
463 3353 605 3432 elegantia
627 3372 662 3413 ac
684 3352 808 3430 dignitas
829 3352 953 3433 inerant.
991 3359 1099 3430 praeter
1121 3360 1224 3414 caetera
1248 3353 1412 3413 humanitas
1433 3354 1527 3412 maior
1549 3372 1636 3431 quam
1659 3351 1789 3413 aulico²⁸

397 3527 400 3532 ⁴
463 3456 575 3517 homini
597 3455 769 3516 crederetur
790 3454 934 3516 accidere.
971 3455 1141 3533 frequenter
1163 3473 1196 3514 se
1217 3455 1442 3516 commendabat
1463 3455 1564 3515 amicis
1578 3472 1631 3532 per
1647 3455 1754 3531 episto-

462 3557 518 3629 las,
541 3576 666 3637 quarum
688 3565 757 3618 sunt
778 3555 882 3636 aliquae
903 3556 940 3618 ad
962 3575 1009 3633 me
1031 3555 1118 3625 tales,
1148 3562 1181 3616 ut
1203 3535 1270 3617 culn
1292 3557 1483 3618 admiratione
1505 3555 1616 3633 legam,
1646 3557 1755 3634 qnippe

462 3681 528 3743 quae
550 3660 587 3721 ab
609 3660 728 3721 homine
749 3658 935 3737 negotiorum
956 3659 1156 3737 magnitudine
1178 3677 1194 3719 a
1215 3658 1318 3719 studiis
1333 3660 1465 3720 seiuncta
1479 3665 1539 3717 tam
1554 3656 1672 3724 Latinae,
1696 3664 1754 3717 tam

394 3779 454 3831 §.m
463 3764 609 3840 castigatae
631 3761 802 3839 prodierint.
846 3760 963 3820 Latinas
984 3759 1084 3821 literas
1105 3763 1135 3820 in
1157 3759 1237 3821 ltalia
1260 3759 1415 3828 didicerat,
1444 3767 1478 3820 ut
1498 3758 1658 3837 plurimum
1680 3776 1754 3834 praa·

463 3871 583 3943 ceptore
618 3863 753 3941 Philippo
785 3861 944 3931 beroaldo,
984 3880 1072 3939 quem
1108 3880 1167 3922 non
1201 3862 1316 3923 nmdica
1350 3860 1524 3922 liberalitate
1557 3861 1790 3922 demerueratoo

463 3966 609 4042 attingens
629 3971 731 4042 postea
752 3964 875 4024 Graecas·
897 3971 1052 4025 revocatus
1074 3971 1117 4026 est
1139 3959 1253 4025 a'suis:
1282 3964 1310 4024 id
1334 3958 1411 4042 quod
1434 3981 1518 4041 saepe-
1534 3965 1617 4041 querl
1639 3964 1756 4025 auditus

395 4075 517 4136 §.uest
562 4066 647 4138 Quod
669 4081 786 4127 summo
807 4063 928 4125 laudum
950 4064 1027 4125 illius
1049 4064 1114 4126 loco
1136 4067 1248 4137 relero,
1276 4068 1406 4145 primum
1434 4073 1463 4126 et
1484 4084 1576 4125 unum
1598 4065 1685 4124 huius
1707 4082 1756 4123 or·

461 4170 537 4232 dinis
552 4168 709 4230 Germania
731 4166 845 4237 habuit,
868 4167 918 4246 qui
942 4185 1008 4228 cum
1031 4185 1204 4245 magnarum
1222 4186 1324 4230 rerum
1338 4167 1589 4232 administratione
1604 4165 1755 4225 literarum

461 4270 557 4333 studia
579 4270 779 4347 coniungeret.
816 4286 940 4346 magnus
963 4274 1027 4329 erat
1048 4268 1084 4328 ad
1105 4268 1188 4330 illum
1210 4270 1392 4331 literatorum
1414 4264 1589 4337 ,concursum
1612 4265 1756 4327 salutabat

426 4376 428 4379 ’
462 4390 581 4442 omnes,
603 4370 740 4449 prasidio
763 4376 826 4431 erat
847 4369 961 4440 multis,
991 4371 1104 4450 luitque
1126 4373 1220 4451 prima
1241 4371 1282 4432 illi
1305 4390 1376 4433 cura
1398 4371 1434 4431 ad
1458 4387 1663 4450 quamcunque
1687 4369 1790 4428 civi-aa

394 4484 452 4535 §.²2
462 4481 553 4536 tatem
575 4474 758 4543 adventaret,
786 4473 824 4534 de
845 4472 948 4534 studiis
970 4490 1132 4552 eorumque
1154 4472 1371 4552 prolessoribus
1392 4473 1551 4551 inquirere.
1588 4470 1634 4532 llle
1656 4469 1757 4530 dilexit

462 4577 666 4645 vehementer,
689 4593 757 4636 nam
779 4594 812 4636 re
835 4574 1060 4652 comprobatum
1083 4580 1143 4644 est,
1172 4592 1258 4654 quam
1282 4593 1340 4634 non
1363 4572 1515 4635 simularet
1536 4572 1593 4633 hoc
1616 4589 1686 4649 erga
1709 4590 1757 4632 me

462 4678 606 4741 studium:
628 4678 726 4757 itaque
742 4678 912 4757 frequenter
927 4675 1062 4740 familiari
1077 4675 1262 4738 collocutioni
1278 4675 1445 4745 adhibebat,
1467 4694 1515 4736 rne
1529 4674 1645 4753 interim
1661 4675 1758 4734 rarius

530 4916 730 4968 '’Uhiheherc
752 4914 851 4966 molius
869 4911 1042 4981 coepero3⁸.
1122 4912 1145 4946 ³⁰
1161 4909 1367 4977 Archepilcopt'r
1380 4912 1414 4961 Α.
1498 4910 1520 4943 ³³
1541 4914 1622 4969 malim
1642 4911 1758 4974 primum

464 5016 525 5051 cum
538 5005 568 5052 et
618 5000 640 5032 ³⁵
658 5002 850 5067 quancuqq'A.
864 5014 1046 5066 quancunque
1059 5001 1084 5048 2.
1093 5000 1119 5048 3.
1163 4995 1186 5028 ⁸⁷
1198 4996 1372 5048 simulaverit
1390 4993 1438 5047 3¹¹.
1486 4995 1509 5029 ³⁸
1528 4993 1713 5047 collocutione
1723 4997 1757 5046 A.

464 5087 525 5153 ipso
537 5086 597 5153 (pro
609 5084 664 5149 mo)
678 5082 726 5135 3¹¹.
739 5114 741 5118 -
