4067 6209
589 819 712 874 CXXIX.
731 837 835 875 nonum
848 835 970 875 conum
983 835 1021 873 nn
1034 835 1216 875 uounnstsvu
1229 838 1271 875 nu.
1286 839 1312 876 n.
1329 830 1347 877 t.
1361 815 1418 877 mi.
1435 831 1493 877 1³1⁹.
1610 810 1684 885 277

1091 920 1102 947 Ι

923 1065 1160 1143 CXXVIIII.
1502 1092 1521 1135 r.
1535 1101 1591 1138 m.
1607 1093 1665 1135 un.
1753 1073 1761 1088 ·

1490 1154 1683 1165 --—--—-·

637 1241 667 1299 E
673 1240 726 1301 VB
736 1240 782 1298 Vt
793 1239 841 1299 t’s
861 1240 1024 1300 conant
1029 1241 1077 1300 VS
1096 1240 1332 1301 rttautostuo
1353 1241 1378 1300 S
1383 1242 1433 1302 t'o

633 1339 668 1392 [2
683 1338 814 1379 rouuuos
828 1337 941 1380 coorts
953 1338 1111 1381 oretanus
1126 1339 1254 1382 uentano
1270 1340 1435 1396 rrrrrouor]
1508 1376 1511 1382 .

996 1412 1026 1462 S.
1041 1413 1072 1461 D.

364 1548 378 1586 ⁵
476 1535 567 1594 Mittis
587 1552 604 1594 e
628 1519 805 1609 Germania,
827 1533 877 1591 ubi
896 1549 976 1591 nilne
997 1534 1080 1610 uois,
1102 1533 1227 1594 subinde
1246 1551 1334 1596 noros
1348 1536 1475 1612 libellos,
1498 1536 1602 1610 antibus
1618 1535 1683 1594 Ro-

386 1656 508 1698 martam
535 1640 651 1698 citriam
681 1637 803 1710 quidam
830 1638 874 1694 sie
902 1636 1082 1710 depinaunt,
1111 1643 1144 1697 ul
1169 1638 1218 1698 lu'e
1240 1642 1286 1698 vel
1306 1641 1371 1698 nati
1387 1642 1440 1698 uel
1465 1639 1614 1697 habitasse
1634 1640 1681 1695 ui-

386 1744 530 1818 deantur,
550 1741 606 1799 sed
625 1755 683 1797 non
703 1753 889 1797 essenorum
908 1738 988 1797 bane
1010 1743 1161 1813 querelam
1182 1742 1298 1801 libellus
1315 1741 1434 1802 Nicolai
1451 1742 1488 1801 de
1508 1741 1682 1815 Clemanais,

386 1847 446 1902 iam
468 1846 535 1903 olim
554 1842 607 1901 sub
624 1842 769 1900 Clemente
789 1842 910 1926 septimo
928 1834 1113 1917 conscriptus
1135 1850 1267 1903 testatur.
1306 1862 1391 1919 quem
1412 1863 1429 1904 e
1450 1845 1597 1904 Vaticana
1613 1859 1682 1902 mnr-

386 1953 499 2005 tuutam
520 1944 691 2004 bibliotheca
714 1943 758 2000 ad
777 1948 804 2001 te
822 1945 902 2001 mitto
924 1960 985 2002 una
1004 1961 1071 2004 eum
1090 1948 1242 2005 uersiculis
1261 1948 1368 2006 ritbmo
1383 1945 1590 2018 constantibus,
1610 1962 1682 2020 quos

352 2058 427 2108 ¹⁰en
448 2050 542 2106 altero
569 2047 697 2120 qirodam
727 2045 828 2105 codiee
855 2046 1005 2104 mirandae
1032 2050 1180 2107 oelnlslatis
1209 2049 1434 2125 desumpsimus.
1481 2052 1588 2109 l'erum
1609 2050 1684 2124 quid

380 2158 474 2227 pertas
495 2150 575 2208 buno
597 2155 728 2207 autorem
751 2148 899 2206 dicturum
917 2147 1029 2221 fuisse,
1051 2151 1079 2207 si
1099 2152 1145 2209 rel
1159 2148 1329 2211 Alexandri
1342 2155 1422 2212 senti
1435 2151 1681 2227 Epicureismum,

386 2256 432 2313 nel
456 2253 530 2312 Iulii
550 2252 721 2310 Martialem
748 2252 879 2308 animum
907 2247 1050 2310 vidisset?
1083 2252 1136 2311 sub
1162 2252 1267 2326 quibus
1293 2257 1383 2313 etiam
1415 2257 1446 2314 in
1479 2257 1681 2329 neooeiatione

381 2355 587 2431 prebendaria
610 2358 710 2413 multae
731 2370 813 2412 norro
835 2354 949 2412 leobnoe
970 2362 1099 2428 reperire
1120 2361 1190 2413 sunl
1203 2356 1247 2413 ad
1260 2358 1408 2429 pecunias
1425 2357 1555 2431 undique
1569 2373 1680 2417 corra-

385 2458 517 2532 dendas,
545 2463 575 2515 et
601 2456 639 2515 ob
664 2458 723 2516 illis
751 2461 879 2530 receptu
907 2461 986 2514 suni
1000 2457 1233 2531 arrprobata’que
1257 2461 1352 2532 mauis
1374 2461 1444 2531 tisri
1460 2475 1550 2533 auam
1573 2459 1684 2518 Christi

351 2568 449 2619 ¹⁵rem
471 2560 634 2633 eruentibus.
679 2557 789 2640 Nempe
814 2558 896 2632 oona
918 2558 967 2616 bie
993 2558 1029 2617 ab
1052 2558 1193 2617 bellorum
1221 2566 1354 2634 sumptus
1378 2562 1544 2630 ,innumeris
1572 2567 1681 2634 emeret,

385 2665 436 2722 ille
457 2678 526 2721 nero
544 2663 674 2733 filiorum
694 2662 905 2736 petulantiam,
934 2662 1090 2718 lienteriam
1111 2666 1141 2719 et
1161 2663 1350 2736 tyrannidem
1374 2664 1510 2736 lenitimis
1526 2664 1681 2738 proventi-

385 2766 439 2824 bus
458 2763 563 2836 suade
584 2750 643 2822 non
659 2768 768 2837 posset.
807 2762 951 2821 Caeterum
973 2779 1040 2836 spes
1061 2768 1105 2821 est
1124 2778 1186 2821 rem
1211 2763 1410 2823 Christianam
1433 2767 1537 2825 melius
1557 2765 1681 2825 babitu-

385 2869 452 2926 ram
472 2866 525 2924 sub
538 2866 635 2925 Leone
658 2865 713 2923 boe
731 2864 781 2934 tt„
803 2865 1042 2938 quandoquidem
1064 2864 1113 2923 lu'e
1134 2882 1194 2924 non
1216 2866 1323 2926 desunt
1343 2869 1396 2940 aui
1415 2867 1484 2926 lontio
1506 2870 1584 2927 serio
1604 2883 1680 2927 con-

384 2972 499 3039 sulant,
528 2970 658 3042 Jrrimirm
684 2973 716 3025 ul
742 2965 883 3042 Alaunos,
921 2965 1085 3041 Syluestros
1111 2973 1140 3027 el
1166 2970 1309 3043 quiequid
1339 2976 1383 3028 est
1412 2972 1627 3028 summularum
1653 2974 1683 3028 et

350 3073 644 3130 wsuumutariorurn
668 3086 796 3143 prorsus
823 3069 953 3145 aboleat,
982 3069 1064 3142 quod
1087 3086 1145 3143 per
1171 3071 1239 3128 istos
1264 3071 1392 3129 mundus
1417 3070 1592 3142 seducatur,
1621 3086 1680 3129 non

385 3175 492 3247 ubique
511 3174 695 3245 curmaelium
716 3177 770 3229 aut
791 3171 918 3229 Pandam
940 3180 1072 3239 secutos·
1103 3171 1212 3230 deinde
1235 3173 1399 3242 uindicat,
1429 3188 1466 3230 ne
1489 3172 1615 3246 posthae
1635 3174 1681 3231 uel

384 3276 470 3335 Scato
486 3276 531 3333 ael
550 3273 666 3332 Tbamre
688 3276 733 3332 niel
753 3276 891 3347 aliquam
913 3276 1171 3333 sententioriorum
1189 3273 1320 3352 ridetur,
1350 3275 1409 3331 nisi
1427 3290 1526 3332 sacrae
1544 3274 1679 3347 scriptu-

317 3357 319 3363 ⁵
385 3394 431 3436 ree
461 3378 630 3436 testimoniis
664 3379 777 3451 (turriti,
814 3392 872 3434 noa
906 3382 1002 3434 aulem
1032 3376 1197 3434 rationibus
1222 3376 1353 3450 physicis
1378 3381 1432 3433 aut
1454 3376 1679 3450 molaribusiois:

385 3482 499 3553 alioqui
519 3479 594 3537 nibil
608 3477 802 3551 profanarum
817 3479 987 3545 eonsilium,
1008 3479 1035 3536 si
1050 3479 1112 3536 istis
1127 3493 1182 3536 sna
1206 3482 1327 3536 maneat
1344 3477 1498 3536 autoritas.
1533 3482 1680 3551 postremo

349 3583 555 3650 uronis-utum,
580 3587 612 3638 ut
635 3581 716 3638 iussu
735 3582 882 3654 pontificis
906 3579 1071 3638 decretales
1095 3580 1139 3636 ad
1156 3581 1341 3653 ezianaelium
1360 3585 1389 3638 et
1408 3579 1498 3637 Pauli
1514 3579 1679 3637 doctrinam

384 3683 584 3755 conseruntur
601 3700 661 3757 per
683 3684 794 3756 aliquot
815 3683 903 3740 bonos
925 3683 1015 3753 uiros,
1039 3684 1091 3754 onii
1108 3696 1165 3739 non
1187 3684 1369 3756 syllooismos
1388 3681 1443 3739 sed
1457 3680 1603 3738 Cleristum
1618 3680 1680 3737 ba-

385 3786 474 3845 beant
495 3786 524 3842 in
540 3791 678 3859 pectore:
704 3800 774 3842 rtrum
796 3770 882 3842 aiunt
902 3787 1009 3842 multas
1025 3788 1213 3857 qrrmstumet
1226 3785 1391 3842 orrnriaian
1407 3785 1500 3857 olere,
1521 3784 1681 3841 nonrmllas

384 3887 589 3966 tyrarinidem‚
617 3887 761 3960 quasdam
787 3889 993 3959 arroqantiam
1022 3892 1051 3944 et
1077 3884 1193 3957 filatim.
1236 3885 1291 3944 sed
1317 3886 1416 3943 multis
1441 3900 1526 3943 secus
1554 3884 1679 3943 videtur.

384 4087 550 4138 cxxvmt.
571 4088 632 4136 l:
647 4074 716 4147 {ih
732 4102 868 4137 utoooavs
885 4072 955 4145 Ἢ
976 4085 980 4150 Ι
996 4082 1558 4153 susannamnncninsn:{eontisBuioce1‘1.
1576 4087 1682 4136 Docior

385 4172 413 4220 S.
429 4171 578 4236 theologius
595 4171 599 4237 Ι
614 4171 794 4233 Parifianiin,
818 4175 860 4221 Do
881 4177 1009 4237 corrupto
1029 4168 1166 4238 eccleliiae
1187 4170 1268 4222 statu.
1285 4173 1289 4236 Ι
1311 4187 1336 4222 Α.
1351 4188 1511 4222 uovnustvs
1530 4186 1659 4229 anonam,
1676 4167 1680 4236 Ι

386 4257 507 4305 Docebit
525 4256 571 4306 hie
591 4262 618 4306 te
638 4257 709 4305 liber
727 4257 825 4321 quibus
845 4257 999 4306 rationibus
1018 4273 1062 4306 res
1076 4252 1293 4324 θαοίοΙΙΙΙΙΙοωοη.
1313 4259 1362 4318 (at
1371 4259 1428 4320 soli.
1443 4257 1479 4308 4⁰.
1492 4274 1515 4306 s.
1529 4262 1545 4307 l.
1559 4264 1584 4305 el
1597 4274 1621 4305 a.
1634 4272 1680 4320 po·

382 4348 479 4390 strenia
493 4359 555 4406 pay.
569 4359 648 4397 nvocua
666 4343 726 4404 est.)
779 4343 840 4389 2:
854 4344 887 4392 b't
902 4345 929 4397 t,
949 4346 999 4392 nisi
1015 4346 1084 4408 qiiorl
1094 4360 1116 4392 υ.
1133 4346 1158 4393 3.
1178 4343 1319 4409 Ιὴοοίοξίᾳ
1334 4342 1338 4407 Ι
1353 4363 1375 4394 a.
1391 4346 1415 4393 l.
1436 4340 1543 4409 ecelozl,
1563 4360 1585 4391 o.
1601 4345 1624 4389 a.
1638 4343 1682 4390 ba·

382 4426 439 4476 bet:
458 4441 483 4475 n.
498 4442 658 4476 nonuuntvs
678 4443 805 4476 ottonom.
823 4427 826 4491 Ι
842 4435 867 4476 et
882 4435 942 4492 post
961 4443 1047 4477 eoeca.
1067 4436 1119 4478 est:
1137 4429 1239 4479 Atinius
1254 4427 1315 4478 stant
1327 4430 1451 4494 quiedam
1465 4428 1605 4488 Carmina,
1621 4441 1680 4490 qum

383 4512 411 4559 in
432 4508 543 4575 priozire
562 4512 694 4560 aeditionu
708 4508 951 4574 ‹losydarobnntun
969 4511 973 4576 Ι
994 4514 1045 4570 (38
1054 4513 1109 4574 soli.
1125 4514 1160 4562 4⁰.
1174 4531 1195 4562 s.
1210 4518 1225 4562 l.
1240 4520 1465 4578 amponianum
1481 4513 1568 4574 solium
1581 4526 1681 4558 nutrium

382 4599 443 4655 est.)
463 4596 622 4659 Clemnugis
641 4596 777 4656 libellum,
798 4598 846 4645 sed
865 4613 919 4647 non
937 4600 1087 4649 Montesini
1102 4598 1247 4663 epistolum
1261 4603 1288 4646 et
1301 4599 1436 4656 carusius,
1458 4596 1572 4661 repetiit
1584 4596 1681 4643 Browu

418 4681 447 4727 iu
465 4680 615 4730 Panniculo
634 4696 685 4729 rer.
706 4682 884 4745 expotendar.
898 4683 1017 4732 Londini
1039 4699 1064 4731 a.
1083 4682 1153 4731 1690.
1169 4682 1216 4731 iol.
1232 4683 1321 4740 edito,
1342 4687 1406 4731 tom.
1420 4682 1456 4730 11.
1475 4698 1501 4746 p.
1515 4680 1573 4728 555.
1588 4695 1683 4755 affl.—

449 4898 513 4949 ³Cs.
523 4901 695 4950 Burekhardi
709 4902 758 4951 vit.
766 4903 844 4952 Hutt.
852 4902 903 4952 111.
912 4901 1003 4967 p.311.
1035 4904 1142 4951 Pnnzer
1154 4900 1211 4951 Ulr.
1219 4916 1244 4950 v.
1252 4901 1287 4950 H.
1296 4919 1321 4966 p.
1329 4899 1387 4950 207.
1415 4900 1510 4949 *Fiissli
1525 4899 1680 4949 inSchwoi-

379 4986 512 5034 nemius.
526 4983 654 5051 bbnhrg.
671 4985 743 5035 1789.
757 4986 848 5051 p.335.
863 5003 903 5051 sq.
923 4986 1034 5035 strenuos
1047 4988 1153 5036 Hutten
1166 4986 1203 5035 II.
1212 5001 1273 5050 cap.
1285 4985 1322 5034 l‘l.
1359 4984 1389 5017 ⁷¹⁸
1401 4984 1570 5049 clamangis.
1579 4986 1646 5034 lam.
1656 4988 1680 5034 1.

381 5069 526 5118 Clemente
545 5069 606 5117 vlt.
621 5070 741 5133 quicum
761 5071 872 5121 Urbano
891 5072 939 5120 vt.
953 5088 979 5119 n.
1000 5069 1073 5120 1378.
1091 5085 1166 5135 papa
1184 5069 1277 5121 iaetus
1296 5075 1347 5121 est.
1406 5068 1426 5102 ¹²
1444 5071 1636 5137 negotiatione
1654 5074 1680 5121 2.

384 5151 405 5233 ΙΙ
423 5153 476 5205 hoc
489 5155 605 5205 Docimo
618 5158 643 5205 2.
697 5153 717 5186 ²¹
738 5156 915 5223 attengelium
929 5158 953 5205 t.
1007 5154 1029 5187 ²⁸
1048 5155 1196 5207 auaritiam
1209 5156 1235 5203 2.
