4067 6209
448 762 522 837 328
576 775 656 828 CLV.
677 786 1078 825 uvrr.aorsuo1n.avsrn11a
1093 787 1179 822 ruer.
1194 788 1229 821 on
1243 787 1289 823 rx.
1303 787 1381 823 scon.
1396 789 1533 825 conseer.
1557 779 1622 821 tato.

447 951 558 1018 lerunt,
589 956 638 1009 aut
666 949 855 1009 Germaniam
884 946 1040 1025 quotannis
1068 945 1280 1024 compilandam
1307 944 1362 1007 illis
1384 948 1604 1024 permiserunt,
1636 953 1693 1007 aut
1721 945 1757 1005 ad

448 1052 603 1131 palliorum
632 1049 842 1127 episcopalium
868 1044 969 1109 llomae
997 1055 1175 1115 mercatum,
1211 1050 1361 1109 veniarum
1389 1050 1452 1119 hie„
1485 1051 1754 1128 dispensationum,

380 1156 608 1232 §.n-gratiarum
634 1159 662 1214 et
684 1153 779 1211 omnis
800 1152 916 1229 generis
938 1148 1085 1209 bullarum
1110 1152 1335 1212 nundinationes
1356 1154 1560 1213 conniverunt.
1607 1152 1688 1224 Quid
1712 1151 1753 1211 di·

450 1275 515 1317 cam
535 1256 572 1315 de
590 1255 636 1315 his
654 1256 732 1314 enim
749 1256 798 1332 qui
817 1253 942 1331 petenda
958 1253 1059 1312 Romae
1081 1255 1178 1313 omnia
1199 1254 1392 1332 putaverunt?
1422 1255 1476 1316 luit
1498 1258 1526 1315 in
1551 1258 1587 1317 iis
1604 1275 1667 1317 uon
1686 1257 1752 1317 dieo

450 1359 637 1435 imperatoria
660 1357 798 1432 dignitas,
826 1356 877 1416 sed
899 1354 952 1416 luit
972 1357 1017 1415 aio
1041 1356 1206 1414 animorum
1234 1358 1290 1425 ris,
1316 1363 1366 1416 aut
1392 1355 1483 1416 ullum
1510 1358 1565 1419 luit
1590 1358 1771 1421 Germauae⁵

380 1462 438 1514 pn.
450 1461 561 1520 virtutis
582 1458 783 1519 momontum?
813 1460 946 1530 Quorum
969 1460 1044 1518 sieut
1066 1458 1178 1534 pudere
1198 1477 1252 1517 nos
1274 1457 1376 1527 debet,
1400 1460 1438 1519 ita
1461 1478 1496 1519 ex
1514 1459 1659 1521 llcnricbi
1676 1462 1749 1529 1111,

447 1561 597 1621 fortissimi
621 1579 655 1619 ac
677 1559 886 1621 bellicosissimi
903 1562 1033 1621 (inertium
1054 1561 1103 1638 qui
1122 1562 1151 1619 in
1167 1560 1324 1620 Germania
1342 1562 1561 1638 imperaverunt
1574 1565 1674 1639 regie,
1693 1565 1751 1624 rir-

448 1669 510 1723 tute
529 1664 653 1723 multum
676 1663 711 1723 ad
734 1681 920 1723 communem
942 1663 1067 1722 nationis
1089 1661 1176 1721 huius
1197 1664 1355 1721 accessisse
1380 1661 1503 1738 gloriam
1523 1664 1750 1735 arbitrabimur,

448 1765 485 1825 ad
511 1766 594 1825 cuius
621 1766 826 1833 imitationem,
855 1765 950 1844 siquid
975 1766 1114 1839 instigare
1144 1762 1281 1823 Carolum
1310 1770 1418 1841 potest,
1447 1763 1495 1823 hic
1522 1769 1632 1842 poterit
1658 1767 1750 1827 liber:

450 1869 586 1946 exprimit
605 1867 682 1927 enim
702 1869 788 1927 vitam
807 1865 884 1928 illius
903 1868 1064 1927 evidentius
1083 1884 1171 1944 quam
1189 1873 1288 1942 posset
1308 1863 1385 1925 ullus
1407 1867 1502 1942 pictor
1521 1873 1571 1926 aut
1587 1870 1752 1930 statuarius
1763 1868 1786 1909 ¹⁰

381 1966 585 2048 t·¹⁷·corp0ris
604 1968 788 2030 lineamenta.
830 1969 887 2031 Sed
911 1970 991 2030 bunc
1013 1969 1150 2029 dedicare
1177 1967 1217 2028 illi
1243 1970 1335 2027 risum
1357 1984 1416 2026 non
1439 1975 1497 2028 est:
1526 1975 1595 2029 sunt
1619 1967 1773 2051 panegy?

449 2073 503 2133 rici
524 2073 616 2140 enim,
644 2071 751 2149 quibus
772 2074 908 2150 excipere
933 2073 1096 2132 venientem
1119 2088 1207 2148 paro:
1237 2069 1289 2129 tibi
1313 2069 1430 2138 dedico,
1459 2088 1526 2130 cum
1554 2072 1623 2149 quia
1653 2090 1753 2151 neque

450 2173 587 2234 omnibus
613 2191 709 2252 neque
736 2175 834 2234 multis
861 2174 934 2234 adeo
955 2173 1120 2234 obtundere
1146 2179 1264 2250 oportet
1290 2174 1423 2232 iuvenem
1446 2189 1562 2249 regem,
1594 2179 1659 2233 tum
1682 2178 1754 2253 quia

451 2274 616 2354 plerunque
637 2275 806 2337 adiuturum
827 2284 854 2337 te
875 2276 915 2336 illi
938 2276 974 2335 de
996 2273 1178 2335 restituendo
1198 2273 1252 2334 sibi
1275 2274 1390 2350 imperii
1410 2280 1485 2334 datu
1505 2274 1683 2337 consultanti
1704 2295 1754 2336 ar·

383 2374 401 2425 l·
412 2374 442 2420 ¹⁸·
452 2376 557 2437 bitror.
596 2377 680 2449 Quod
702 2377 802 2447 tacite,
822 2397 891 2447 oro,
916 2396 970 2438 nee
993 2376 1101 2437 diutius
1121 2377 1205 2436 sinite
1227 2358 1601 2453 Romanenses'aurisugas
1624 2376 1754 2439 illudere
1766 2380 1788 2420 ¹⁵

452 2480 561 2539 nationi
583 2478 664 2539 orbis
687 2482 806 2556 reginae.
851 2480 917 2558 lpse
940 2498 1000 2539 nou
1023 2479 1113 2539 deero
1135 2477 1254 2538 sedulus
1277 2478 1419 2546 monitor,
1449 2479 1560 2538 etiamsi
1581 2497 1631 2539 me
1653 2486 1755 2541 terru-

453 2582 509 2640 erit
531 2580 596 2658 quis
618 2588 647 2640 et
666 2583 724 2641 vim
752 2584 877 2659 minatus
898 2582 1002 2642 luerit:
1037 2598 1125 2659 quam
1152 2597 1211 2639 non
1236 2596 1331 2639 essem
1360 2598 1428 2640 rere
1454 2578 1635 2640 Christianus
1662 2584 1754 2651 enim,

452 2682 566 2758 siquem
592 2681 629 2740 ad
657 2684 723 2743 veri'
747 2686 872 2761 pastoris
896 2702 998 2744 rocem
1024 2681 1124 2742 exilire
1151 2681 1250 2749 docet,
1279 2683 1303 2741 is
1325 2681 1361 2741 ad
1386 2687 1567 2758 preceptum
1596 2680 1672 2742 luris
1704 2685 1756 2762 qui

453 2799 513 2841 uon
535 2798 589 2858 per
609 2784 742 2852 ianuam,
767 2785 818 2844 sed
842 2785 942 2845 lurtim
964 2791 993 2844 et
1016 2784 1196 2844 clandestino
1216 2784 1336 2843 introitu
1356 2781 1430 2841 ovile
1451 2780 1498 2841 dei
1519 2784 1639 2861 irrepit,
1662 2784 1753 2846 ullam

454 2884 484 2943 in
507 2901 620 2943 moram
644 2887 859 2946 consentirem?
887 2887 1047 2962 Peregrina
1068 2887 1124 2946 erit
1144 2884 1208 2943 haee
1228 2902 1281 2944 vox
1304 2885 1395 2953 enim,
1418 2885 1585 2945 cuiuseuius
1604 2886 1676 2951 erit,
1698 2890 1788 2948 nec²⁰

454 2986 581 3063 pastoris
602 2985 759 3048 habebitur
787 2989 955 3048 domestica.
999 3005 1167 3066 quanquam
1195 2986 1325 3046 Leonem
1352 2986 1387 3046 x.
1417 2985 1488 3045 nihil
1517 2985 1574 3047 tale
1604 2987 1755 3049 laetorum

362 3116 367 3120 ·
413 3130 434 3169 0
456 3087 555 3165 opinio
578 3094 637 3156 est,
667 3089 709 3147 sic
731 3106 833 3166 pacem
855 3092 988 3168 promisit
1009 3089 1095 3149 nobis
1116 3096 1145 3150 et
1166 3090 1227 3148 veri
1246 3090 1371 3166 pastoris
1392 3107 1425 3148 ac
1447 3089 1537 3166 ipsius
1559 3087 1667 3150 Christi
1689 3090 1753 3150 imi·

386 3186 405 3237 l·
414 3187 446 3232 ¹⁹·
457 3191 595 3249 tationem
615 3192 777 3268 proposuit.
823 3192 920 3263 Quare
941 3208 1000 3250 non
1020 3209 1125 3250 vereor
1148 3190 1283 3250 seditiose
1305 3190 1374 3268 quid
1398 3191 1427 3249 in
1448 3188 1570 3249 ecclesia
1592 3197 1643 3249 aut
1662 3208 1754 3268 repu-

455 3290 531 3351 blica
554 3291 714 3351 Christiana
745 3301 879 3353 acturum
907 3310 975 3353 eum
1003 3310 1107 3370 qrtem,
1138 3292 1162 3350 si
1185 3298 1353 3352 constanter
1374 3292 1431 3351 hoc
1454 3291 1539 3351 laciet
1557 3309 1612 3352 nec
1634 3311 1651 3352 a
1672 3293 1754 3353 Petri

442 3392 583 3469 ,uestigiis
609 3392 774 3463 aberrabit,
803 3412 862 3453 non
889 3400 1001 3453 tantum
1023 3412 1082 3452 non
1103 3392 1278 3453 habebimus
1300 3394 1330 3453 in
1353 3411 1456 3453 eorum
1478 3411 1618 3461 numero,
1649 3400 1786 3454 contra²⁵

457 3512 531 3571 quos
554 3493 602 3553 hic
621 3495 776 3563 scribitur,
808 3496 859 3556 sed
883 3498 1031 3574 praecipua
1054 3496 1180 3574 quadam
1203 3504 1232 3555 et
1251 3496 1391 3572 singulari
1410 3512 1500 3572 supra
1520 3502 1643 3555 eaeteros
1665 3514 1754 3569 rene·

458 3597 570 3656 ratione
593 3595 794 3672 dignabimur,
819 3599 869 3675 qui
890 3606 956 3676 post
977 3605 1020 3658 tot
1041 3615 1199 3675 perversos
1218 3599 1370 3674 pontifices
1389 3598 1502 3675 primus
1524 3598 1553 3656 in
1577 3598 1709 3657 veritatis
1727 3605 1758 3657 et-

388 3698 572 3757 statuentia
601 3699 645 3758 ria
673 3701 779 3776 preire
807 3703 933 3777 posteris
961 3703 1095 3760 intentus
1122 3700 1167 3758 sit.
1208 3698 1270 3758 'lot
1298 3700 1355 3759 iam
1380 3698 1493 3758 saeculis
1518 3715 1590 3757 sano
1617 3699 1754 3775 pontifice

457 3817 532 3877 opus
554 3799 607 3859 luit
625 3800 744 3861 mundo.
787 3800 880 3872 Qriidl
908 3803 986 3880 quod
1009 3801 1101 3861 libros
1122 3807 1251 3869 veteres,
1275 3799 1377 3860 ubiubi
1398 3800 1520 3866 lateant,
1545 3800 1703 3877 exquirere
1721 3820 1754 3860 ac

456 3903 486 3961 in
508 3901 611 3977 tndgus
638 3905 727 3963 edere
753 3920 807 3961 nos
834 3903 927 3964 iubet:
962 3922 996 3962 en
1019 3903 1205 3963 adinventum
1234 3901 1272 3962 illi
1300 3903 1403 3978 igitur,
1434 3920 1536 3980 quem,
1567 3902 1590 3960 si
1612 3901 1679 3961 talis
1700 3905 1786 3968 est,³⁰

456 4002 566 4062 amabit
585 4006 765 4073 necessario,
789 4006 909 4083 eiusque
931 4007 1078 4083 repertori
1098 4002 1205 4063 lavabit
1224 4005 1253 4062 in
1269 4020 1370 4062 omnes
1386 4009 1523 4071 eventus;
1543 4009 1656 4063 tantum
1673 4003 1756 4064 abest

458 4105 692 4165 execrationibus
720 4114 748 4165 et
777 4106 953 4176 maledictis,
985 4106 1142 4185 quodiam
1168 4106 1310 4182 suspicari
1333 4104 1445 4182 aliquos
1463 4104 1564 4173 video,
1593 4103 1672 4165 bene
1693 4124 1754 4165 me·

457 4212 573 4266 rentem
595 4205 631 4265 de
654 4206 772 4283 publico
793 4210 927 4284 impetat:
957 4208 1015 4267 iam
1037 4225 1095 4266 non
1119 4213 1196 4266 esset
1216 4206 1273 4265 hoc.
1295 4207 1372 4266 enim
1404 4207 1529 4283 pastoris
1552 4206 1673 4275 Leonis,
1703 4207 1753 4266 sed

457 4307 631 4386 praedatoris
652 4307 728 4386 lupi,
757 4308 899 4368 devorare
921 4309 999 4386 quod
1023 4310 1150 4387 oportuit
1172 4325 1308 4385 pascere,
1338 4312 1388 4366 aut
1409 4308 1535 4384 perdere
1558 4308 1637 4386 quod
1657 4315 1754 4368 custo·

389 4418 448 4469 §.tt
458 4409 521 4469 dire
544 4428 665 4470 neeesse
689 4417 760 4470 erat·
799 4410 896 4482 Quare
919 4412 1005 4471 etiam
1029 4412 1148 4471 minime
1172 4410 1300 4470 laturum
1323 4427 1391 4469 eum
1413 4409 1557 4479 arbitror,
1577 4415 1622 4477 ut,
1644 4409 1668 4468 si
1687 4408 1785 4468 velittt

458 4512 545 4573 etiam
568 4512 703 4582 Carolus,
726 4532 759 4573 ea
780 4514 824 4573 via
847 4533 904 4591 qua
924 4532 958 4573 ex
981 4513 1123 4591 proximis
1145 4509 1372 4589 imperatoribus
1395 4511 1529 4589 quidam,
1553 4509 1589 4570 ad
1610 4526 1755 4569 summam

457 4632 559 4675 rerum
580 4616 790 4691 capessendam
809 4616 1007 4691 ingrediatur:
1036 4616 1191 4693 proposuit
1209 4615 1287 4674 enim
1302 4613 1423 4673 Petrum
1438 4612 1557 4681 imitari,
1581 4628 1670 4689 quem
1686 4609 1755 4689 quid

458 4717 600 4791 potuisset
621 4716 773 4778 turbatum
800 4717 893 4792 magis
921 4717 1062 4787 reddere,
1092 4734 1180 4793 quam
1207 4716 1298 4795 siquis
1326 4713 1395 4774 olim
1418 4715 1578 4774 monuisset
1599 4711 1754 4791 aliquando

525 4933 826 4988 “monumentumm
878 4936 1033 4987 Henrieid.
1053 4911 1276 5000 emicuerintqueh
1337 4930 1629 4999 ⁴¹·¹²pauoegyrioiA.
1666 4929 1688 4963 ¹⁴
1700 4930 1755 4996 ple·

459 5032 570 5082 rumque
583 5022 657 5069 m.
712 5021 732 5052 ¹⁷
752 5022 887 5071 essem¹
943 5020 963 5054 ¹⁸
982 5021 1094 5071 exsilire
1108 5022 1180 5070 2...t.
1235 5019 1277 5070 Cf.
1292 5020 1388 5069 looun.
1401 5018 1435 5067 X.
1451 5017 1474 5067 1.
1488 5032 1546 5082 sqq.
1595 5017 1684 5066 fueris
1697 5015 1754 5080 (pro

458 5102 604 5167 furis)3.d.
641 5103 935 5171 ²¹Quamquem2...d.
971 5103 1201 5171 ²“hielhoc3ab
1239 5105 1435 5155 ceterosa...t.
1471 5099 1664 5153 ⁸⁵laetaturum
1679 5100 1755 5151 3...4.
