4067 6209
807 811 945 866 torturus
965 811 1127 864 t‘uAEl'tt'to.
1548 829 1612 879 xnl

312 1001 428 1064 toribus
457 1002 691 1080 adiumentisque
720 1019 754 1061 ac
783 1003 820 1062 de
847 1004 965 1062 lortnna
992 1020 1044 1061 sna
1075 1019 1132 1061 non
1156 1000 1296 1075 gratulari
1320 1001 1374 1062 sibi
1397 1012 1481 1080 grato
1504 1006 1610 1067 animo.

313 1133 428 1210 Scripta
452 1131 560 1211 quibus
582 1132 623 1190 nti
647 1131 767 1205 contigit
790 1130 885 1188 ‹rrrnria
916 1129 1062 1189 indicibus
1093 1137 1153 1188 tum
1183 1129 1273 1206 priori
1300 1129 1438 1191 rolnmini
1461 1138 1611 1209 premisso

313 1265 377 1317 tum
399 1258 522 1337 singulis
544 1259 633 1317 totius
655 1257 754 1335 operis
776 1256 909 1333 partibus
932 1257 1076 1317 adnotatis
1101 1256 1257 1331 diligenter
1287 1260 1430 1317 recensui.
1477 1259 1519 1318 lte
1542 1279 1611 1321 coo-

315 1383 378 1444 siliu
402 1405 468 1445 meo
485 1386 630 1463 huiusque
653 1381 788 1445 editionis
811 1385 923 1443 ratione
945 1385 1047 1461 paucis
1070 1381 1222 1457 defungar.
1269 1383 1388 1443 llntleni
1411 1405 1475 1465 qum
1491 1389 1611 1467 conqui-

316 1531 383 1571 rere
408 1514 494 1589 potui
512 1513 620 1589 scripta
643 1513 741 1570 omnia
765 1519 823 1570 tam
845 1499 922 1570 edita
947 1528 1034 1588 qnam
1059 1510 1181 1579 inedita,
1198 1509 1305 1594 ¹‹qtralia
1329 1514 1448 1597 suntin
1472 1499 1611 1574 bis'duc·

317 1638 372 1698 bus
402 1637 596 1699 voluminibus
625 1639 702 1698 baud
731 1637 946 1697 cerrrtemnendo
973 1655 1113 1703 numero,
1142 1654 1230 1714 qnam
1260 1645 1363 1714 potero
1392 1642 1612 1716 castigatissime

318 1766 357 1824 ita
388 1766 472 1825 edam
496 1773 526 1825 ut
549 1786 583 1825 ex
607 1766 677 1842 ipsis
700 1763 864 1824 litterarum
888 1764 990 1823 lorinis
1012 1764 1081 1841 quid
1105 1763 1142 1822 ab
1166 1766 1228 1840 ipso
1251 1764 1394 1833 llulteno,
1425 1767 1494 1843 qrrid
1517 1768 1611 1828 eidem

318 1891 355 1951 ab
384 1891 446 1952 aliis
475 1899 503 1951 et
526 1892 596 1970 qnid
619 1890 656 1950 ab
693 1891 854 1970 aequalibns
877 1890 1046 1952 bominibus
1068 1892 1104 1951 de
1127 1891 1256 1950 llutteno
1288 1893 1430 1969 scripturn
1462 1902 1537 1953 esset
1568 1896 1611 1954 iu-

319 2019 469 2079 tuentibus
499 2019 647 2096 adpareat.
694 2008 768 2097 quos
797 2017 911 2077 libellos
945 2020 1004 2078 sive
1037 2020 1149 2078 ineerta
1182 2019 1242 2077 sire
1277 2018 1346 2078 lalsa
1376 2038 1443 2078 rum
1467 2023 1612 2082 maiorum

319 2154 487 2206 riostrorum
519 2153 579 2205 tnrn
614 2145 700 2206 buius
735 2146 875 2223 temporis
904 2145 1056 2204 bominum
1077 2144 1195 2204 indicia
1219 2145 1347 2205 Hutleno
1380 2146 1611 2225 adscripserunt,
1649 2231 1652 2236 Ι

321 2291 371 2331 eos
401 2272 451 2332 ubi
483 2273 519 2333 ad
554 2292 616 2332 rem
645 2274 743 2332 lacere
772 2271 948 2331 ridebuntur
977 2271 1184 2331 minutioribus
1212 2270 1315 2331 litteris
1348 2274 1526 2350 repetendos
1560 2295 1611 2335 cu-

320 2399 400 2457 rabo.
445 2400 524 2459 lntcr
547 2399 766 2477 orthographiae
795 2397 875 2476 leges
903 2416 1060 2474 camane
1089 2399 1194 2457 ceteris
1222 2399 1388 2468 observari,
1420 2420 1456 2460 ne
1479 2401 1515 2460 ab
1538 2405 1611 2462 anti-

320 2526 463 2603 quissimis
496 2526 739 2602 integrioribusre
768 2544 843 2604 qnos
872 2525 952 2584 adire
982 2526 1083 2585 datum
1113 2532 1189 2584 esset
1213 2525 1357 2596 lontibus,
1391 2528 1447 2586 nisi
1470 2527 1518 2586 nbi
1541 2546 1611 2606 ope-

320 2668 419 2710 rarum
442 2658 553 2711 tantum
576 2661 695 2730 peecata
727 2653 900 2730 corrigenda
931 2660 1044 2721 essent,
1075 2651 1158 2712 lacile
1187 2653 1374 2713 recolerem:
1406 2661 1536 2715 ceterum
1560 2656 1610 2717 ba·

321 2797 385 2837 rum
413 2797 512 2838 rerum
542 2781 665 2839 curiosis
695 2782 839 2839 rationem
867 2780 971 2839 reddet
999 2780 1163 2846 adnotatio,
1194 2781 1221 2839 iu
1251 2798 1307 2858 qua
1338 2788 1435 2840 tamen
1458 2800 1535 2862 sape,
1559 2801 1612 2843 on·

321 2922 400 2963 mero
423 2906 508 2966 etiam
531 2905 720 2965 librariorum
744 2925 936 2983 opernrnmre
960 2905 1074 2965 mendis
1097 2926 1161 2984 quic
1186 2908 1270 2966 rariis
1286 2906 1415 2967 eiusdem
1432 2906 1497 2968 libri
1514 2915 1612 2969 exem-

320 3030 374 3108 plis
395 3035 469 3092 inter
491 3052 523 3091 sc
546 3033 756 3110 distinguendis
778 3035 952 3094 inservirent
974 3034 1071 3093 locum
1095 3033 1165 3092 darc
1188 3034 1279 3093 visum
1303 3042 1356 3093 est..
1403 3053 1488 3111 pares
1502 3035 1612 3115 ubique

321 3159 479 3219 eorundem
510 3159 666 3219 verborum
699 3162 809 3221 lormas
838 3168 1052 3238 representare
1082 3179 1140 3219 non
1168 3160 1263 3226 licuit,
1294 3179 1360 3219 enm
1390 3163 1476 3221 etiam
1503 3161 1611 3222 saeculo

320 3284 431 3345 decimo
453 3293 536 3346 sexto
559 3288 718 3363 scriptores
742 3287 785 3347 rel
801 3288 959 3348 doetissimi
984 3304 1042 3345 non
1066 3294 1209 3364 perpetuo
1226 3286 1327 3347 cadent
1345 3287 1431 3345 rerba
1448 3288 1550 3349 iisdem
1566 3289 1612 3348 lit·

320 3413 387 3472 teris
402 3431 499 3492 neque
515 3416 610 3473 onmia
627 3433 745 3492 semper
761 3416 820 3474 suis
844 3414 946 3474 litteris
968 3415 1171 3491 scripsissent,
1196 3416 1246 3475 sed
1270 3417 1346 3475 inter
1361 3434 1378 3476 c
1394 3422 1423 3475 et
1438 3423 1462 3482 t,
1485 3434 1502 3474 c
1518 3421 1547 3473 et
1561 3434 1610 3489 qu,

317 3547 384 3598 cet
405 3558 431 3599 ω
454 3540 498 3600 rel
520 3558 562 3609 ω,
586 3544 598 3599 τ’
620 3549 647 3600 et
668 3562 705 3617 p,
726 3544 796 3614 fet
814 3544 873 3617 pb,
898 3561 917 3600 n
940 3548 969 3600 et
991 3560 1046 3610 nri,
1069 3562 1084 3601 s
1106 3549 1134 3602 et
1154 3545 1199 3613 ss,
1230 3550 1290 3601 let
1313 3551 1335 3601 tt
1356 3541 1545 3618 similiterque
1567 3541 1611 3600 in·

318 3672 361 3725 ter
389 3666 459 3726 alias
486 3667 597 3727 litteras
627 3670 731 3728 incerti
760 3669 959 3728 lluctnussent.
1005 3667 1099 3728 multo
1133 3669 1229 3727 minus
1263 3686 1327 3727 eam
1361 3668 1432 3730 mibi
1464 3666 1610 3726 licentiam

317 3795 427 3871 sumpsi
450 3802 481 3853 ut
504 3794 683 3871 stribligines
707 3814 764 3854 nou
788 3794 898 3863 nnllaS,
923 3815 947 3853 r.
973 3815 997 3853 e.
1023 3795 1259 3854 coniunctionem
1282 3813 1320 3855 uc
1342 3793 1457 3853 miliens
1479 3801 1546 3854 ante
1562 3813 1611 3853 ro·

317 3916 409 3978 calem
439 3922 577 3997 positam,
613 3921 746 3982 tollerem
779 3929 829 3982 aut
857 3930 959 3981 rorrtra
987 3922 1107 3981 llntteni
1136 3920 1379 3980 consuetudinem
1413 3921 1502 3981 verbo
1533 3926 1611 3982 eninr

316 4048 437 4106 instrum
449 4047 557 4126 ubique
579 4048 677 4109 locuni
700 4049 901 4126 adsignarent,
926 4050 1009 4128 qnasi
1034 4050 1095 4125 ipsc
1118 4048 1296 4126 scriptorum
1319 4067 1334 4107 a
1358 4067 1405 4108 me
1428 4048 1610 4107 edendorum

316 4180 418 4256 auctor
441 4193 551 4238 essem:
575 4194 644 4235 suos
667 4177 753 4234 etiarn
777 4177 895 4254 egregia
919 4194 1046 4254 corpora
1070 4194 1167 4235 lucres
1192 4174 1302 4234 babere.
1325 4174 1465 4246 naturalis
1486 4174 1533 4234 lex
1556 4179 1609 4232 est.

316 4299 379 4359 Non
401 4302 439 4360 ita
463 4302 566 4361 anxins
590 4302 645 4371 lui,
675 4303 698 4361 si
723 4306 898 4363 tlcrruanicc
921 4304 1046 4380 scriptus
1068 4320 1177 4380 easque
1200 4301 1316 4361 Latinas
1338 4309 1437 4378 {iactes
1460 4300 1611 4375 exceperis

315 4445 387 4506 quas
409 4436 459 4487 aut
482 4429 542 4505 ipse
566 4430 693 4505 priunnn
717 4437 766 4488 ant
791 4449 824 4490 cs
850 4431 919 4507 ipsis
943 4449 1030 4489 manu
1053 4430 1169 4506 scriptis
1192 4427 1333 4505 exemplis
1355 4426 1496 4492 exhibeo,
1520 4426 1550 4483 in
1572 4426 1610 4484 si-

315 4555 379 4631 gnis
401 4556 645 4631 interpunctionis
668 4574 756 4634 qnam
780 4565 883 4616 rorant
906 4556 1061 4616 eornmndc
1084 4555 1227 4635 ponendis
1250 4553 1459 4632 irurtilibnsrprc
1488 4552 1611 4611 reicien-

314 4681 372 4749 dis,
397 4699 434 4742 ne
457 4681 582 4742 lectores
605 4683 671 4742 rndi
694 4683 840 4760 bedieque
863 4681 979 4743 insolito
1003 4682 1160 4743 verborum
1185 4684 1370 4759 partiumque
1393 4680 1531 4739 orationis
1553 4678 1612 4738 dis-

316 4809 545 4885 tinguendorum
574 4829 672 4879 more,
702 4829 760 4890 qno
784 4811 847 4887 ipse
871 4809 952 4869 r'alde
975 4811 1088 4870 incerto
1113 4810 1251 4887 varioque
1274 4826 1340 4868 enm
1362 4807 1481 4866 Hutteni
1504 4807 1611 4885 scripta

316 4937 489 5012 prodierunt
512 4943 540 4997 et
568 4955 666 5013 operae
695 4944 723 4996 ct
751 4938 805 5015 ipsi
837 4938 923 4996 etiam
951 4937 1111 5017 scriptores
1140 4935 1311 5002 utebantur,
1346 4932 1468 4994 moleste
1497 4935 1611 5013 inpedi-

316 5072 435 5125 rentur:
467 5082 533 5124 uam
562 5072 591 5123 et
613 5063 733 5124 llutteni
762 5063 860 5123 stilum
889 5065 918 5122 in
942 5062 1137 5123 ‹zorrunanbus
1159 5062 1334 5140 punctisque
1356 5078 1384 5138 q.
1410 5082 1434 5120 r.
1459 5062 1611 5122 ell'nnden-
