4067 6209
466 780 590 831 xxxvl.
607 787 630 829 i.
643 794 705 830 tos.
720 793 802 828 notu
816 791 972 828 suessonum
985 788 1116 826 uuxmu.
1129 790 1166 826 sn
1180 791 1305 826 assutus
1318 790 1407 827 susus.
1421 773 1550 830 susum(
1579 763 1650 838 119

507 952 595 1030 Sape
614 951 788 1013 rebellantes
809 950 891 1010 toties
911 949 1014 1008 meuse
1035 945 1213 1023 Sycambros

441 1074 478 1115 uo
576 1055 630 1115 Est
649 1056 755 1113 iterum
776 1057 865 1127 atque
886 1052 992 1111 iterum
1012 1067 1108 1112 causa
1128 1050 1225 1125 luisse
1243 1053 1345 1126 pium‚·

507 1157 578 1229 Quis
594 1156 713 1231 fudisse
733 1158 815 1216 acies
837 1155 991 1214 Gallonim
1013 1170 1095 1229 saepe
1115 1153 1260 1227 superbas

578 1259 677 1319 Nescit
697 1264 726 1317 et
745 1259 859 1332 inqeuti
876 1264 978 1329 straqe
1000 1256 1117 1315 dedisse
1137 1250 1226 1313 neci?

507 1362 556 1420 Ad
573 1377 639 1420 meu
656 1360 824 1421 'Pannoniae
845 1361 964 1419 tremuit
985 1356 1089 1417 domtus
1105 1374 1193 1417 arnna
1213 1357 1333 1435 fuitque

441 1484 478 1525 sss
577 1464 722 1523 Consultoe
739 1462 839 1536 socies
859 1461 993 1520 omnibus
1013 1476 1076 1519 una
1094 1458 1201 1533 suqoe,·

506 1566 546 1626 Et
565 1568 625 1626 nisi
642 1571 684 1625 tot
704 1568 822 1625 ramata
844 1564 938 1622 modis
959 1563 1096 1622 Fortuna
1111 1564 1233 1636 fuisset,

579 1668 768 1728 contudimus
790 1681 915 1741 quorum
937 1681 990 1725 nas
1007 1666 1116 1740 pudet,
1139 1667 1302 1727 Heluetios:

505 1770 581 1831 Haec
601 1770 728 1830 tumidos
742 1770 848 1843 qiadio
864 1767 950 1841 fudit
970 1770 1079 1827 triaue
1098 1767 1245 1829 Bobemos

440 1893 477 1933 sss
573 1874 709 1948 Dextra,
732 1872 887 1932 Palatinas
903 1845 970 1929 cum
992 1878 1186 1945 sequerentur
1207 1888 1296 1948 opes,-

505 1976 619 2049 Infidos
637 1976 742 2050 pepuli
758 1976 861 2049 patrio
883 1975 921 2032 de
942 1973 1034 2032 limite
1058 1972 1188 2045 Turcas,

580 2077 650 2137 Oct
669 2077 770 2137 adbuc
789 2080 891 2152 aliqua
909 2093 984 2150 qens
1005 2076 1149 2135 adeundo
1173 2092 1274 2137 mauu.

506 2180 618 2240 Cuncta
639 2178 759 2252 referre
774 2183 872 2255 piper,
895 2196 950 2238 nec
970 2181 1049 2238 enim
1071 2179 1166 2238 breuis
1185 2182 1285 2239 omnia
1306 2183 1422 2241 cbartre

438 2303 476 2344 um
576 2281 741 2342 Servatura
762 2283 880 2341 modum
893 2284 1011 2356 popina
1028 2280 1116 2353 serre
1130 2288 1243 2355 potest:

505 2385 593 2445 Nunc
609 2400 723 2459 quoque
744 2389 858 2458 quanta
880 2385 937 2442 tuis
956 2388 997 2441 tot
1012 2390 1093 2442 retro
1114 2384 1287 2444 abeuntibus
1307 2388 1396 2445 annis

482 2480 487 2490 ’
574 2487 730 2559 Ediderim
752 2487 867 2561 campis
884 2483 1000 2557 funera
1022 2500 1106 2543 nemo
1124 2493 1220 2560 rapat.

506 2589 584 2661 Quid
599 2591 707 2648 naum
727 2590 755 2648 si
773 2589 917 2648 Fortunae
937 2589 1059 2647 cessisse
1074 2602 1242 2663 parumper

404 2715 408 2722 ·
440 2708 475 2747 uss
572 2690 706 2763 Differre
726 2698 755 2750 ct
773 2697 887 2750 tantum
907 2692 936 2749 si
953 2691 1110 2749 uideamur
1129 2687 1228 2766 opus?

509 2793 553 2853 Tu
574 2795 708 2867 quereris
726 2809 892 2866 causasque
913 2780 996 2851 times
1017 2795 1157 2866 quaesisse
1171 2795 1323 2864 morandi,

573 2896 614 2954 Et
633 2897 768 2970 spacium
785 2897 860 2954 iusto
881 2897 979 2954 maius
999 2894 1101 2954 abesse
1123 2895 1219 2968 doles,

504 2999 544 3058 Et
564 3001 641 3057 uelut
659 2998 821 3056 admoneas
842 2999 956 3056 imitari
975 2999 1118 3072 exempla
1130 3005 1308 3072 pareutum,

438 3119 476 3161 ooo
573 3099 737 3174 Seqniciem
757 3100 926 3174 exprobras
947 3100 1150 3174 desidiamque
1171 3108 1271 3160 notas:

504 3204 611 3263 Desine
633 3202 671 3260 ab
693 3204 839 3277 exemplis
856 3204 955 3261 metiri
967 3202 1057 3274 sacta
1079 3219 1135 3261 aec
1156 3205 1219 3262 istis

555 3303 699 3377 Conferre
720 3306 849 3378 antiquis
871 3311 1004 3379 tempora
1026 3311 1128 3363 nostru
1148 3308 1228 3365 aclis.

505 3408 581 3478 Quos
602 3414 633 3465 tu
652 3422 877 3494 commemoras,
897 3409 1083 3480 qemiuorum
1103 3409 1246 3481 splendor
1269 3412 1426 3482 Othonum,

436 3531 472 3571 sos
570 3509 671 3583 Lmrqe
692 3512 754 3568 alia
776 3515 874 3567 tantus
892 3510 1064 3567 condicione
1082 3509 1159 3582 suit:

507 3611 589 3670 Tunc
609 3628 703 3685 neque
724 3617 764 3670 tot
784 3612 917 3670 dominos
938 3611 1042 3670 babuit
1062 3612 1224 3672 Germania
1245 3631 1344 3688 repes,

573 3713 707 3774 Necdum
728 3720 909 3789 contemptus
931 3714 1059 3773 Caesaris
1080 3717 1133 3773 iste
1152 3714 1227 3788 suit,

502 3818 610 3876 Paruit
631 3817 771 3890 Auqustis
790 3818 887 3891 patrii
906 3816 1069 3874 concordia
1092 3820 1191 3890 requi,

434 3938 471 3978 us
571 3918 723 3977 Constituit
740 3921 897 3993 proprium
920 3932 1004 3976 nemo
1022 3918 1079 3976 sibi
1099 3920 1273 3994 imperium,-

501 4020 656 4095 Siquando
673 4020 809 4094 expediit
825 4021 955 4093 ieqiones
977 4020 1087 4079 ducere
1108 4031 1136 4079 et
1158 4038 1282 4095 usquam

536 4121 538 4124 ’
571 4122 687 4180 Martia
707 4123 738 4180 in
757 4122 856 4181 bestiti
869 4137 981 4196 ponere
1001 4128 1104 4180 castra
1120 4126 1197 4197 loco,

501 4224 639 4283 Militiam
661 4239 746 4283 nemo
767 4232 827 4283 tum
848 4222 1031 4283 detrectabat
1051 4224 1217 4296 bonestum,

433 4346 471 4385 nu
572 4326 732 4399 Gloriaque
753 4329 783 4385 in
805 4328 913 4384 castris
934 4326 1063 4384 casaris
1082 4344 1145 4387 esse
1161 4328 1240 4400 fuit:

502 4429 589 4486 Nunc
609 4431 715 4499 consui
734 4430 838 4504 opibus
859 4427 941 4486 uobis
964 4428 1137 4487 blandimur
1157 4437 1187 4489 et
1207 4434 1284 4492 iuter

509 4529 512 4536 '
572 4529 694 4588 Summa
716 4534 879 4605 aolitptates
904 4532 1000 4589 amere
1015 4532 1121 4589 militia
1143 4539 1199 4606 est,

499 4632 540 4690 Et
559 4648 626 4708 uos,
650 4633 771 4707 quando
790 4634 865 4691 odeo
889 4632 992 4689 Caesar
1013 4634 1071 4691 sibi
1091 4635 1213 4706 quisque
1232 4635 1364 4706 uidetur,

433 4753 472 4792 us
573 4733 742 4809 Accipimus
757 4742 872 4810 prater
890 4749 996 4792 nomen
1018 4736 1109 4792 irione
1127 4732 1220 4791 nibil:

379 4969 382 4974 ’
417 4953 448 4987 ¹⁷⁹
471 4951 624 5019 Sycambr.]
644 4954 737 5019 Belqii.
803 4952 836 4986 ¹⁸⁶
858 4955 907 5004 Vis
930 4968 993 5002 mou
1015 4951 1140 5002 bollucas
1165 4952 1291 5002 contudit
1306 4954 1341 5001 H.
1357 4956 1430 5004 3...5.
1496 4951 1645 5004 ¹⁸⁷Hect.

352 5036 382 5070 ¹⁹⁴
399 5039 662 5089 Aediderim2.t.5.
717 5038 749 5071 ¹⁹⁸
767 5042 926 5105 spatiumi.
979 5037 1013 5072 ²⁰⁰
1032 5038 1186 5103 segnitiem
1201 5040 1274 5088 3...5.
1332 5038 1366 5071 ¹⁰³
1384 5040 1459 5102 Quos
1477 5042 1535 5087 tum
1548 5055 1571 5088 c.
1587 5042 1645 5091 Μ.

350 5120 383 5155 ”⁴
401 5124 560 5175 conditione
573 5128 659 5174 2.t.5.
712 5123 744 5157 ²¹¹
762 5124 933 5175 detractauit
944 5125 969 5172 2.
