4067 6209
431 764 503 835 lssfi
562 778 670 828 LXXV.
690 791 826 826 srrsrons
840 791 964 826 nvrrsru
977 790 1014 825 nn
1028 791 1122 826 court.
1137 793 1172 825 nn
1187 791 1365 827 deussene.
1381 784 1401 825 3.
1416 792 1510 826 Arsin.
1526 784 1586 825 lats.

429 955 462 1009 nt
490 947 607 1007 illorum
637 946 728 1006 canda
757 945 793 1005 ad
822 946 912 1005 ictum
941 962 1059 1023 semper
1087 952 1132 1005 est
1160 952 1276 1023 parata,
1307 947 1343 1004 ita
1368 945 1455 1006 brrius
1477 945 1727 1007 concionatorculi

430 1050 490 1111 oris
517 1049 630 1128 species
658 1049 736 1107 onmi
765 1054 914 1107 momento
942 1047 978 1106 ad
1007 1066 1185 1125 omnemque
1207 1065 1364 1107 occursum
1387 1048 1511 1107 ostendit
1535 1050 1651 1108 iamiam
1674 1046 1728 1106 ali·

344 1162 348 1166 '
430 1151 499 1229 quid
523 1150 671 1210 bominem
694 1149 761 1209 mali
785 1150 927 1227 cogitare,
951 1148 1067 1226 aliquod
1092 1149 1225 1208 meditari
1249 1148 1453 1217 maledictum,
1477 1149 1588 1229 aliquas
1610 1158 1729 1209 struere

430 1252 563 1321 insidias,
592 1250 720 1329 aliquam
748 1250 881 1310 fraudem
911 1259 1045 1320 nectere,
1076 1252 1105 1309 in
1133 1269 1246 1310 summa
1276 1250 1405 1328 aliquam
1429 1270 1556 1329 coquere
1578 1252 1727 1311 insidiam.

375 1374 421 1425 §.c
432 1354 473 1415 lta
497 1372 544 1414 me
566 1360 645 1412 amet
667 1352 816 1421 Christus,
840 1359 872 1412 ut
894 1353 1059 1413 ominosum
1083 1352 1153 1412 mibi
1169 1353 1256 1413 buius
1272 1351 1425 1411 nebulonis
1440 1354 1590 1412 lortcritum
1607 1371 1727 1412 omnem
1752 1373 1766 1410 s

432 1473 588 1515 occursum
613 1473 677 1513 esse
699 1452 844 1520 arbitror;
874 1461 961 1531 atque
990 1454 1093 1530 igitur,
1123 1472 1242 1533 quoquo
1270 1455 1379 1513 iturum
1408 1455 1599 1530 praescirero,
1630 1455 1728 1513 statim

433 1556 501 1617 inde
523 1555 644 1616 diverto,
689 1554 829 1634 proscidit
856 1574 903 1615 me
931 1573 991 1614 non
1019 1554 1109 1615 semel
1138 1556 1167 1614 in
1190 1555 1390 1624 sermonibus,
1419 1574 1515 1634 neque
1537 1555 1566 1615 id
1590 1555 1727 1615 obscure.

363 1682 425 1733 μθ,
435 1657 521 1718 Tales
543 1676 622 1717 num
644 1656 733 1717 babet
755 1658 911 1716 Germania
935 1656 1098 1734 apostolos,
1126 1656 1199 1716 tales
1227 1657 1366 1735 evangelii
1396 1675 1560 1735 praecones.
1590 1657 1729 1716 serendos

431 1757 496 1819 illos
518 1759 654 1837 quidem,
678 1759 744 1817 vitia
767 1758 918 1818 bominum
942 1764 1087 1836 quatenus
1109 1757 1234 1836 benigne
1250 1759 1429 1836 arguebant3
1454 1778 1531 1819 nunc
1547 1778 1613 1818 cum
1631 1760 1728 1817 omnia

431 1860 487 1921 sibi
508 1859 598 1920 licere
620 1866 737 1936 pudent,
767 1866 795 1918 et
818 1878 851 1919 ex
875 1859 994 1920 libidine
1017 1861 1112 1920 cuicm
1135 1860 1235 1919 volunt
1256 1859 1445 1930 maledicant,
1475 1859 1554 1920 nullo
1578 1860 1764 1937 religionisro

432 1960 513 2031 zelo,
543 1957 620 2022 nulla
650 1962 765 2039 pietatis
791 1961 995 2021 recordatione
1024 1960 1205 2039 evangelium
1234 1962 1408 2039 predicent,
1440 1980 1494 2038 pro
1517 1962 1614 2021 divino
1638 1962 1728 2021 verbo

432 2064 555 2124 convitia
578 2064 736 2133 seminent,
760 2064 789 2122 in
811 2062 930 2141 publico
952 2081 1038 2123 sacro
1061 2064 1202 2141 privatam
1226 2064 1360 2123 iniuriam
1384 2062 1579 2131 ulciscantur,
1602 2064 1661 2122 imo
1684 2065 1727 2122 in-

433 2166 536 2225 iuriam
566 2166 621 2243 ipsi
649 2165 775 2225 iuleraut
803 2183 838 2225 ae
860 2165 1065 2224 innocentibus
1088 2165 1244 2224 discrimen
1268 2164 1419 2234 obiiciant,
1449 2184 1516 2224 cunr
1544 2166 1607 2225 nee
1630 2167 1727 2224 onrrria

432 2267 576 2345 superbe,
608 2267 781 2337 crudeliter,
810 2267 966 2326 immodice
995 2285 1030 2327 ae
1057 2266 1217 2326 insolenter
1245 2267 1367 2335 iaciant,
1398 2266 1467 2344 quid
1496 2265 1638 2342 obstabit,
1669 2286 1728 2344 quo

433 2369 530 2430 minus
557 2369 714 2448 aliquando
741 2367 853 2429 baculis
879 2386 913 2427 ae
942 2365 1088 2445 lapidibus
1113 2368 1179 2427 talis
1212 2366 1290 2426 modi
1323 2368 1482 2447 hypocritis
1514 2367 1762 2428 obturbemustrs

366 2471 546 2541 §.suduodsi
569 2490 616 2530 me
638 2471 737 2530 audiat.
758 2471 930 2537 Germania,
959 2487 1127 2548 quanquam
1155 2470 1263 2530 inlerre
1285 2470 1389 2529 'lurcis
1411 2468 1520 2529 bellum
1543 2487 1663 2529 necesse
1686 2477 1729 2531 est.

433 2572 491 2631 hoe
512 2577 663 2648 tempore,
692 2572 775 2648 prius
802 2578 901 2631 tamen
923 2570 992 2630 lruio
1016 2572 1151 2630 intestino
1182 2571 1259 2629 malo
1282 2572 1443 2631 rcnredium
1467 2589 1617 2649 opponere
1640 2590 1729 2649 quam

402 2732 404 2734 ,
433 2674 470 2733 de
485 2673 609 2732 Asiatica
633 2672 818 2750 expeditione
840 2674 970 2750 cogitare
992 2674 1114 2731 iussero.
1160 2691 1226 2731 nam
1243 2673 1313 2750 quid
1329 2672 1582 2732 (ltbomannorurn
1598 2673 1728 2742 domum,

433 2773 596 2851 imperandi
619 2755 716 2834 studio
738 2774 882 2833 inimicam
907 2772 1007 2842 nobis,
1031 2775 1159 2833 excisam
1182 2779 1335 2851 tantopere
1358 2776 1506 2851 cupimus
1529 2776 1554 2833 si
1576 2776 1646 2833 istos
1662 2776 1729 2834 leri-

433 2892 499 2934 mus
527 2876 555 2934 in
578 2859 680 2935 medio
709 2875 801 2935 nostri
828 2876 970 2934 universe
998 2875 1112 2952 pietatis
1141 2875 1318 2944 inversoreS,
1354 2876 1525 2935 tibristianee
1553 2877 1729 2935 sinceritatis
1738 2898 1762 2936 ao

434 2983 695 3055 conspurcatores,
724 2977 811 3037 lidem
834 2975 1023 3054 apostoticam
1046 2975 1228 3036 millefariam
1251 2995 1369 3055 semper
1383 2977 1564 3045 scindentes,
1587 2996 1729 3039 novarum

435 3097 553 3156 semper
580 3079 793 3139 dissensionum
822 3097 856 3138 ac
878 3097 1020 3138 novarum
1049 3077 1203 3138 turbarum
1227 3080 1364 3139 autores?
1392 3079 1446 3138 nisi
1476 3096 1545 3138 vero
1568 3078 1729 3139 obscurum

365 3200 425 3251 §.m
437 3186 495 3249 est,
521 3182 585 3258 quis
607 3180 644 3240 ab
669 3179 790 3240 ecclesia
813 3188 962 3241 strenuam
986 3186 1103 3256 gentem
1126 3180 1274 3240 Bolremos
1296 3180 1460 3241 abduxerit.
1506 3180 1541 3240 Ut
1564 3180 1632 3241 illud
1657 3182 1729 3241 iute-

432 3282 488 3341 rim
522 3281 636 3342 silentio
668 3290 815 3342 transeam
843 3281 993 3341 Berueuse
1021 3281 1249 3359 praedicatorum
1280 3281 1390 3350 scelos,
1412 3282 1530 3346 ,bedam
1564 3283 1729 3343 Germanice

433 3390 548 3452 notam,
572 3385 657 3444 acin
680 3384 853 3444 memoriam
875 3402 934 3442 non
958 3401 1093 3442 revocem
1117 3382 1264 3460 publicam
1288 3382 1369 3443 orbis
1383 3390 1496 3459 pestem
1513 3384 1648 3462 Sergium
1664 3364 1761 3445 nro-rs

432 3484 575 3554 naclrum,
599 3485 756 3546 lllalrumeti
779 3484 947 3554 alunmnm,
977 3491 1005 3544 et
1029 3483 1140 3563 reliqua
1163 3485 1263 3545 sileam
1287 3485 1381 3545 omnis
1404 3486 1520 3561 generis
1541 3485 1633 3554 mala,
1664 3504 1729 3563 quae

433 3586 502 3646 duni
527 3588 663 3655 nimium,
693 3588 814 3647 nimium
842 3587 919 3664 proh
942 3586 1057 3646 Gbriste
1080 3588 1118 3664 pii
1142 3586 1375 3656 essevolumus,
1406 3606 1465 3646 non
1488 3587 1640 3663 puninmS,
1670 3606 1728 3646 raon

365 3712 425 3762 tlt.
435 3689 595 3766 expiamus
641 3688 685 3748 Tu
715 3707 784 3748 vero
812 3689 881 3766 quid
910 3688 1032 3750 consilio
1059 3689 1099 3748 ibi
1129 3708 1195 3749 meo
1224 3691 1267 3748 uti
1294 3690 1352 3757 rie,
1383 3707 1450 3749 curn
1473 3696 1517 3748 tot
1540 3707 1575 3748 ex
1599 3687 1729 3767 epistolis

432 3791 505 3850 aneis
528 3791 596 3869 quid
620 3808 635 3848 a
661 3789 745 3849 nobis
767 3793 962 3850 eornnmniter
984 3792 1047 3851 lieri
1077 3790 1161 3852 velim
1190 3790 1386 3851 intellexeris?
1414 3789 1586 3869 Quanquam
1610 3791 1727 3850 interim

431 3890 573 3951 dubitatio
595 3892 733 3960 accessit,
762 3891 988 3951 obstinatissime
1011 3893 1065 3952 bos
1087 3912 1102 3953 a
1126 3893 1211 3952 nobis
1234 3894 1397 3961 contemni,
1422 3911 1510 3971 quam
1533 3893 1763 3952 infensissimeao

431 3978 587 4069 aliquando
610 3994 776 4072 impugnari
798 3999 933 4071 praestet:
958 4002 1038 4053 certe
1061 3996 1138 4055 enim
1162 3995 1218 4054 boc
1241 4002 1444 4072 contemnere,
1469 3993 1546 4072 quod
1563 4012 1618 4071 eqo
1636 3994 1728 4053 omni·

497 4244 694 4294 8ἹέιὶοὶεΑΙί.
750 4244 770 4276 ¹²
789 4247 1003 4296 eorrvieia5...8.
1058 4249 1129 4298 utin
1144 4252 1216 4299 d...8.
1262 4249 1315 4297 imo
1329 4250 1361 4297 Ι).
1417 4247 1438 4279 ¹⁷
1451 4263 1590 4313 apponere
1604 4248 1727 4297 A...!›.5.

430 4345 569 4396 apponere
589 4330 787 4395 (opponere)d.
841 4330 863 4362 ²⁰
881 4334 1126 4395 syrreeritotisCll.
1163 4334 1310 4385 societatis
1324 4334 1381 4380 7.8.
1435 4331 1457 4363 ²³
1476 4337 1637 4381 strennuum
1654 4338 1729 4383 etsie

430 4415 640 4481 ndtqeenrrdl).
687 4416 875 4465 adduxeritll.
915 4415 936 4447 Ν
954 4418 1096 4467 Bernense
1107 4418 1185 4484 scel]
1200 4422 1236 4470 lle
1250 4436 1297 4485 quo
1309 4435 1336 4482 p.
1352 4415 1408 4467 lad.
1456 4415 1478 4447 ²⁵
1496 4417 1619 4466 vrbisb'.
1667 4418 1727 4467 Ser-

430 4498 515 4566 glum]
541 4502 693 4566 „Legimus
716 4501 750 4550 de
769 4501 867 4566 Sergio
891 4503 1008 4565 quodem
1027 4487 1227 4564 hieresiarcha,
1254 4504 1299 4567 qui
1325 4500 1522 4565 acephalorum
1541 4502 1667 4551 baeresim
1688 4504 1727 4552 in·

430 4587 582 4647 staurovit,
603 4586 691 4637 rnalus
710 4586 843 4651 magister
863 4592 891 4635 et
909 4588 1065 4638 moderator
1084 4589 1243 4653 turpissimo
1262 4585 1400 4651 discipulo
1420 4585 1505 4635 facile
1526 4588 1673 4652 praecepit,
1701 4592 1729 4636 et

430 4670 581 4742 baeretieus
597 4672 731 4720 lrmretieo
750 4673 916 4736 prceeeplori
935 4673 1020 4732 facile
1041 4672 1236 4722 auseultavit.’'
1273 4671 1372 4721 Simler
1397 4671 1432 4719 ad
1450 4670 1511 4719 haee
1530 4671 1681 4721 Reueblini
1700 4674 1727 4721 in

431 4754 545 4821 prologo
564 4756 655 4821 Sergii
675 4755 760 4806 verbu

735 4840 895 4889 Calestrium
915 4842 1058 4891 cuiusdam
1078 4840 1161 4890 nuilis
1180 4841 1285 4906 Sergii,

735 4925 788 4986 Qui
808 4931 869 4974 erut
887 4926 1039 4974 blabometi
1057 4927 1190 4989 magister
1208 4926 1349 4989 primitus,

738 5009 798 5069 Quo
817 5025 934 5058 asserus
955 5009 984 5057 lit
1003 5026 1102 5060 nomen
1120 5010 1184 5060 huie
1204 5011 1354 5059 comoediae.

430 5089 450 5123 ³¹
471 5092 620 5157 aliquando
638 5096 707 5143 oreb.
724 5095 797 5142 e...8.
851 5099 965 5160 prestet.
980 5094 1013 5143 B.
