4067 6209
402 771 449 842 18
619 783 695 834 VIII.
721 798 805 834 caeni
818 796 985 832 aunisimau
998 793 1207 832 missusne.
1232 795 1259 830 n.
1272 789 1293 831 3.
1307 796 1388 832 sana.
1403 788 1462 831 ¹511.
1506 800 1510 809 ·
1566 778 1577 799 ‘

400 973 467 1018 cum
482 953 699 1030 nipricentibus
712 950 919 1011 consodalibus
932 951 1094 1022 boriorifice
1109 951 1261 1010 dolesum
1275 953 1428 1026 loquutus·
1441 951 1618 1026 frequenter
1632 951 1696 1009 ad-

403 1059 469 1119 didi
481 1059 636 1129 stimulum,
646 1054 824 1129 frequenter
831 1069 945 1129 preces.
967 1052 1082 1112 Incidit
1091 1034 1369 1128 eliquertdosermo,
1380 1060 1413 1113 ut
1426 1061 1531 1114 uestem
1543 1056 1615 1113 evelle
1626 1070 1697 1112 mu-

259 1210 264 1218 .
345 1167 391 1218 §.a
401 1168 479 1221 tasse
499 1159 677 1219 credidisses
691 1163 745 1216 aut
759 1156 915 1216 inussisse
929 1157 1026 1214 minas
1040 1156 1118 1215 male
1135 1155 1332 1215 audientibus.
1362 1155 1480 1231 Scripsi
1492 1156 1597 1215 eadem
1612 1155 1658 1214 ed
1670 1161 1698 1213 te

400 1264 477 1323 binis
490 1261 699 1321 verbosissimis
712 1260 821 1330 literis,
840 1260 897 1317 imo
911 1259 1146 1317 commentariis.-
1168 1275 1245 1317 unas
1263 1260 1396 1319 commisi
1406 1261 1496 1334 patri
1508 1273 1589 1316 arina
1601 1273 1697 1332 supe-

400 1367 490 1442 riore,
512 1378 579 1422 cum
594 1363 774 1422 nesciremus
784 1362 894 1436 plene,
910 1359 1015 1434 quibus
1030 1360 1090 1418 oris
1105 1366 1256 1419 terrarum
1271 1348 1435 1433 laetareris,
1451 1362 1510 1420 nisi
1524 1360 1605 1434 quod
1617 1375 1720 1434 quo-s

401 1456 471 1552 dam
483 1480 603 1524 rumore
618 1462 808 1524 monebamur
822 1462 957 1521 tenuem
971 1462 1002 1520 in
1018 1461 1091 1520 urbe
1097 1446 1254 1521 Brunonis
1265 1464 1441 1537 spoliatum·
1456 1465 1568 1522 ultores
1582 1461 1701 1520 tradidi

400 1584 499 1643 nuper
512 1582 612 1624 menese
627 1551 778 1625 decembri
789 1565 901 1623 Ioanni
915 1562 1031 1637 Aquilio
1046 1564 1098 1638 (ita
1113 1580 1182 1623 uoco
1192 1563 1361 1639 prasupum
1375 1565 1591 1625 adolescentem
1605 1581 1622 1623 e
1637 1562 1698 1635 sa-

400 1671 483 1728 milia
511 1669 743 1743 Wcipcrarumt:
771 1668 845 1725 sciui
867 1667 968 1726 eodem
988 1673 1119 1741 tempore
1138 1667 1191 1725 sub
1217 1683 1275 1741 qua
1300 1669 1374 1726 coelo
1398 1683 1568 1739 versarere,
1595 1666 1699 1724 doctus

396 1774 496 1848 primo
511 1786 531 1829 a
546 1770 687 1847 Medera,
704 1770 888 1828 adolescente
902 1784 968 1827 cum
983 1769 1132 1827 bellatum
1150 1769 1222 1827 bene
1236 1770 1374 1843 instituto,
1393 1770 1502 1828 deinde
1518 1771 1641 1828 lectione
1655 1768 1701 1825 tui

400 1874 497 1935 Lassii
509 1874 586 1932 dono
601 1873 674 1931 milii
687 1872 770 1930 missi
777 1887 802 1957 e
815 1870 950 1930 Matieno
964 1872 1014 1929 illo
1026 1870 1215 1945 polyhistore.
1238 1871 1277 1929 In
1292 1882 1326 1930 ea
1340 1873 1550 1931 commentaria
1564 1869 1698 1942 dilipcn-
1708 1891 1734 1933 ιο

401 1983 447 2037 ter
465 1976 634 2051 perscripsi
657 1990 725 2047 quse
746 1973 801 2032 bac
824 1987 903 2031 anno
926 1972 963 2030 de
984 1988 1018 2030 re
1037 1979 1089 2029 tua
1112 1961 1218 2031 etdiei.'
1250 1972 1305 2031 sed
1316 1975 1387 2048 quia
1406 1981 1529 2033 neutras
1550 1973 1698 2046 recepisti,

403 2081 504 2137 uellem
531 2076 682 2136 occidione
703 2075 861 2135 occidisse:
893 2075 1051 2132 nonenim
1076 2089 1175 2132 omnes
1199 2075 1277 2133 scire
1302 2075 1407 2134 debent
1427 2092 1495 2149 qued
1522 2075 1575 2134 tibi
1602 2075 1699 2132 amico

345 2181 592 2260 s.⁴.camraunica.
629 2178 765 2252 aquatus
787 2175 872 2251 apud
889 2176 1079 2234 Francorum
1101 2176 1209 2234 eadum
1231 2178 1328 2236 sedet:
1350 2178 1484 2237 discessit
1505 2193 1538 2237 eo
1565 2176 1698 2246 consilio,

403 2288 437 2342 ut
454 2290 482 2341 te
504 2282 595 2341 bonas
616 2286 696 2338 artes
720 2278 842 2337 audiret
864 2279 1106 2353 praecipientem:
1137 2295 1205 2353 spes
1233 2295 1339 2353 etapium
1361 2277 1477 2350 fefellit
1496 2280 1605 2338 niencio
1623 2276 1699 2349 sor-

403 2386 484 2443 tuila.
524 2388 625 2457 repete
646 2382 684 2440 ab
706 2372 878 2440 cirabuedo
896 2381 999 2439 literas
1020 2380 1217 2439 errabeatdes.
1265 2381 1330 2456 Epo
1351 2383 1468 2440 interim
1495 2379 1621 2440 cantabo
1645 2379 1701 2438 tibi
1710 2403 1734 2442 is

346 2487 528 2546 tacendum
549 2486 748 2557 cantilenam·
769 2482 824 2542 sed
843 2497 957 2540 suntuna
979 2499 1098 2556 sequar.
1142 2484 1233 2542 Pater
1256 2491 1323 2542 tures
1341 2482 1452 2542 Ulisseo
1472 2485 1588 2556 inuenio
1608 2470 1699 2557 proe-

403 2589 481 2648 ditus
502 2588 642 2647 callidior
662 2592 706 2645 cst
726 2601 815 2659 quam
838 2591 871 2643 ut
888 2585 978 2659 plene
1007 2586 1199 2658 inlellipetur.
1226 2588 1337 2660 quoties
1360 2601 1473 2645 marm
1493 2588 1629 2660 loquutus
1647 2588 1699 2656 est,

399 2690 577 2764 frequenter
594 2695 692 2748 eutem
712 2690 848 2761 loquendus
868 2692 921 2763 est,
944 2702 1061 2761 semper
1081 2687 1209 2747 ridicule
1231 2689 1269 2747 de
1288 2696 1315 2749 te
1337 2690 1544 2761 interropeeit,
1564 2687 1699 2769 damna-

402 2795 443 2852 uit
463 2798 492 2851 et
517 2797 544 2850 te
564 2790 750 2864 studiumque
769 2796 849 2847 terum
872 2805 941 2848 traco
960 2789 1037 2848 adea
1056 2791 1280 2868 contemptibili,
1306 2798 1340 2850 ui
1361 2793 1412 2849 uie
1434 2790 1588 2849 babereris
1610 2790 1699 2847 unus

403 2896 497 2954 assis:
518 2895 597 2952 mire
619 2892 756 2965 audires,
776 2893 805 2951 si
818 2893 926 2967 liceret
946 2898 1035 2951 entra
1055 2894 1208 2966 epistolam
1228 2895 1414 2968 exspatiari:
1433 2893 1482 2951 ille
1501 2907 1570 2952 uero
1592 2905 1733 2964 quam-m

403 3012 493 3070 quern
515 2995 593 3054 ludit
610 2994 768 3054 sordidata
789 2999 841 3051 tua
862 2996 1092 3067 existimatione,
1120 2996 1310 3055 nibilominus
1338 3002 1436 3054 temen
1458 2993 1550 3053 tanede
1571 2999 1623 3051 tuo
1645 2993 1715 3051 mi·-

403 3113 470 3156 rum
491 3100 523 3156 in
545 3079 663 3156 randum
681 3099 836 3171 pascitur,
861 3112 951 3171 quam
976 3082 1129 3171 aurianam
1150 3099 1222 3157 setis
1248 3098 1351 3167 audit·
1376 3102 1492 3155 ‘catera
1516 3096 1625 3155 occulit
1653 3097 1700 3154 uir

398 3199 552 3275 prudens,
572 3202 705 3258 animum
723 3199 889 3258 titillantem
907 3215 948 3256 cx
963 3201 1021 3257 tuis
1035 3200 1198 3274 praeconiis
1217 3215 1275 3258 nan
1290 3201 1413 3259 occulit:
1434 3197 1609 3270 aianisestot
1623 3197 1702 3256 illud

403 3301 511 3361 crebre
522 3302 560 3361 de
571 3307 598 3360 le
609 3304 754 3377 repetitio.
775 3317 869 3377 porro
882 3303 998 3359 catenis
1011 3303 1186 3360 canentibus
1198 3304 1332 3375 receptui
1346 3317 1451 3360 ieonum
1463 3303 1526 3375 ipse
1540 3299 1700 3359 exorditur

399 3406 597 3480 postliminio:
619 3420 687 3479 perae
706 3421 754 3462 rcs
776 3403 850 3461 mibi
868 3409 948 3461 certo
968 3403 1080 3462 indicio
1100 3402 1163 3475 feeit
1184 3405 1274 3462 aliter
1294 3405 1332 3462 de
1348 3409 1376 3462 te
1394 3404 1504 3475 dicere,
1523 3404 1612 3462 aliter
1626 3418 1733 3464 sen-m

347 3510 470 3567 salire.
496 3513 659 3582 prepterea
684 3507 783 3565 omitia
806 3506 845 3564 de
865 3512 891 3564 lc
908 3507 999 3580 pleno
1020 3522 1072 3565 ore
1091 3521 1300 3565 commemoro:
1331 3505 1410 3564 ridet
1430 3507 1495 3579 ille,
1531 3505 1701 3579 vilipendit:

402 3609 468 3668 bem
487 3609 580 3668 babeo
602 3617 644 3682 te,
667 3603 797 3668 callide!
825 3608 887 3668 scio
911 3608 985 3682 quid
1000 3609 1108 3667 seritis:
1138 3608 1292 3682 satisfacis
1318 3615 1366 3667 tuo
1389 3610 1602 3682 circumspecto
1632 3624 1701 3667 ser-

474 3829 482 3861 ¹
501 3831 600 3895 nigris.
616 3825 820 3895 consodalibus]
839 3828 943 3877 veteris
962 3827 1085 3877 abbatiae
1097 3827 1246 3891 Fulminis,
1266 3843 1281 3877 e
1300 3843 1355 3894 qua
1367 3828 1506 3877 Huttenns
1519 3827 1583 3877 olim
1598 3827 1701 3894 effuge·

404 3919 462 3976 rat,
486 3913 586 3964 incolis
604 3914 795 3963 Benedictinis
820 3914 866 3978 qui
888 3913 976 3978 nigris
1000 3913 1125 3963 vestibus
1149 3918 1271 3963 utiuitur.
1340 3911 1400 3962 ‘ut
1417 3916 1523 3963 vestem
1546 3911 1619 3962 velle
1644 3927 1700 3962 mu·

404 4004 494 4060 tasse,
519 3998 699 4059 credidisses,
726 4003 775 4047 tuli
797 3999 949 4048 incussisse
967 3999 1058 4047 minas
1076 3997 1148 4047 male
1168 3998 1354 4048 audientibus.
1371 4001 1394 4048 t.
1403 4000 1428 4046 2.
1437 4000 1461 4047 t.
1478 3998 1561 4051 Lucius
1578 4002 1643 4047 mete
1659 4012 1701 4046 so-

404 4100 450 4132 rius
468 4099 548 4148 neque
565 4088 603 4133 ste
620 4084 792 4131 emendandus
808 4090 860 4139 cst,
879 4091 905 4133 ut
925 4086 942 4132 3
960 4085 1046 4135 dedit:
1065 4098 1167 4143 sermo,
1187 4088 1215 4131 te
1234 4084 1385 4134 incussisse
1398 4085 1487 4133 minas
1500 4081 1572 4131 susle
1587 4082 1701 4137 audicu-

404 4168 494 4230 tibus,
514 4173 544 4216 ut
557 4171 663 4217 vestem
676 4166 749 4216 velle
761 4162 885 4218 mutasse
899 4170 1022 4219 creditus
1036 4168 1141 4218 esscs“.
1172 4168 1276 4217 Sensum
1288 4170 1353 4220 bunc
1365 4186 1420 4219 esse
1435 4175 1513 4234 puto:
1532 4167 1637 4217 Incidit
1649 4166 1700 4216 ali-

406 4251 515 4318 quando
533 4267 635 4314 sermo,
655 4257 698 4313 ut,
718 4257 793 4300 metu
810 4255 944 4303 minarum
962 4254 1035 4303 male
1054 4253 1232 4303 audientibus
1245 4255 1416 4304 incessurum
1430 4257 1595 4316 commotus,
1614 4252 1703 4302 sestis

404 4324 585 4388 mutationem
607 4338 668 4401 pati
685 4336 757 4386 velle
776 4352 830 4387 nou
848 4355 987 4404 nunquam
1005 4340 1083 4390 visus
1102 4355 1191 4401 esses,
1216 4344 1316 4404 postea
1333 4355 1400 4409 vero·
1416 4339 1542 4403 ‹lepesito
1560 4337 1610 4387 illo
1628 4340 1704 4387 metu

405 4423 533 4474 investiri
551 4437 719 4472 recusasses.
741 4423 860 4474 Nonnihil
888 4427 1015 4475 eccidisse
1033 4427 1141 4474 uidetur.
1172 4425 1227 4474 Sed
1243 4426 1275 4474 de
1294 4427 1408 4474 Iluttcno
1423 4439 1507 4488 pieres-o
1526 4439 1575 4472 reon
1592 4426 1704 4472 maeres·

404 4511 429 4559 si
444 4512 573 4574 leperetur
589 4512 620 4556 ut
637 4512 743 4558 vestem
760 4505 827 4574 [pise
842 4510 972 4559 unicolores
990 4511 1155 4560 Benedictini
1171 4507 1320 4580 utebantur]
1343 4525 1409 4559 cnse
1428 4513 1550 4577 mutasse
1569 4507 1704 4558 credidis·

405 4611 450 4645 ses
464 4600 547 4658 atque
561 4594 710 4644 incussisse
723 4590 770 4642 isc.
784 4611 841 4644 riom
849 4598 954 4658 pariter
966 4597 1001 4645 ad
1017 4611 1100 4644 enicem
1119 4602 1194 4660 atqie
1212 4597 1248 4645 ed
1264 4600 1384 4646 certamem
1397 4595 1506 4644 liuttenl
1516 4597 1630 4644 deutera
1639 4608 1704 4643 sens·

403 4697 454 4745 per
470 4685 566 4744 parete
580 4678 640 4742 suit.
709 4677 720 4710 ⁶
738 4679 806 4729 iirbc
818 4678 913 4746 Brun]
932 4680 1077 4730 Brunsoici.
1147 4679 1169 4712 ¹⁰
1186 4682 1278 4730 Lessii
1291 4686 1308 4731 i.
1322 4697 1344 4730 e.
1359 4679 1522 4740 Querelernms
1533 4685 1626 4729 contre
1639 4679 1705 4729 Los-

406 4771 458 4816 sias
476 4765 542 4814 libri.
606 4763 628 4795 ¹⁰
645 4762 768 4813 Muliano
787 4768 812 4813 1.
877 4763 898 4796 ¹³
916 4765 1084 4828 Francosmti
1100 4767 1286 4816 ed'Viedrmn.
1344 4763 1365 4798 ¹⁴
1382 4765 1452 4830 Spes
1470 4780 1571 4830 vagum
1589 4763 1703 4814 fefellit.

407 4850 514 4900 Nuncio
532 4834 765 4921 iertnitoyepete'
775 4853 799 4899 1.
814 4854 839 4901 2.
853 4856 878 4900 cl
888 4853 1003 4901 simililer
1017 4855 1042 4899 3,
1052 4854 1076 4901 l.
1130 4847 1152 4882 ¹⁰
1169 4850 1325 4914 Ulysseod.
1378 4847 1399 4882 ¹⁹³
1417 4849 1574 4900 ridiculos.
1626 4848 1650 4881 ²⁰
1666 4848 1703 4898 Il·

408 4929 451 4984 lei
478 4951 510 4998 qq
529 4935 600 4984 heht
619 4931 679 4998 [siue
697 4935 768 4985 dicit
779 4934 859 5001 nabla]
878 4940 1000 5002 scriplum
1013 4938 1095 5000 fesmse
1111 4938 1215 4999 sumpsi.
1239 4936 1290 4986 Illo
1308 4936 1370 5001 (Ille
1383 4934 1490 4993 ΖΜ.)
1510 4949 1644 5000 quemque
1662 4935 1703 4984 vi·

410 5021 449 5069 cit
467 5019 571 5080 (vincit
588 5023 613 5071 2.
629 5023 655 5069 3.
670 5019 707 5083 4.)
720 5021 792 5071 sord.
811 5026 861 5072 tua
879 5022 1094 5073 existimatione.
1130 5020 1315 5072 Nihilominus
1337 5025 1397 5073 edd.
1466 5019 1489 5053 ²⁵
1513 5022 1617 5072 iudicio
1637 5024 1662 5072 t.
1677 5024 1703 5071 2.

408 5101 430 5134 ²²
451 5103 543 5152 Locum
562 5107 652 5166 „Hem
666 5142 733 5156 .....
748 5107 794 5156 vix
808 5106 971 5156 extollere.“
989 5111 1027 5156 ilo
1044 5108 1083 5156 leis
1100 5110 1197 5157 lineolis
1214 5146 1231 5168 „
1253 5109 1270 5133 “
1289 5111 1408 5158 elisltnuit
1427 5110 1452 5157 3.
