4067 6209
456 781 530 853 224
712 793 793 843 XCV.
814 807 937 842 avaram
950 807 986 841 ao
1000 807 1080 843 earn.
1095 809 1194 844 arcruu
1208 810 1250 843 sa.
1271 810 1296 843 n.
1311 803 1344 843 13.
1359 810 1422 846 nov.
1439 804 1495 844 tati.

456 985 515 1026 nem
538 967 604 1043 quia
628 962 716 1022 nolim
739 961 783 1021 vel
807 962 988 1021 cucurbitam
1012 960 1146 1029 laudare,
1177 966 1200 1023 si
1229 973 1260 1023 tu
1287 964 1432 1041 postules,
1462 972 1512 1024 aut
1535 964 1582 1024 ille.
1605 983 1664 1024 non
1688 984 1749 1024 me·

455 1074 570 1131 matur:
594 1063 645 1123 sed
668 1065 735 1141 quia
758 1065 904 1140 ingratum
927 1063 966 1123 illi
990 1065 1122 1123 loturum
1137 1067 1197 1124 seio
1213 1083 1228 1123 a
1246 1084 1292 1124 roo
1309 1067 1446 1144 quicquid
1463 1068 1624 1143 acceperit;
1648 1069 1748 1125 nescio

455 1186 511 1247 qua
534 1172 584 1225 aad
606 1164 682 1224 illius
704 1166 839 1240 opinione
862 1172 911 1223 aut
933 1183 997 1223 mea
1020 1166 1165 1224 fortuna·
1191 1168 1270 1232 scio,
1295 1186 1353 1227 uon
1370 1167 1454 1228 lacilc
1470 1167 1566 1227 credis
1582 1167 1660 1246 qumi
1676 1170 1747 1226 scri·

456 1269 538 1328 bam:
562 1266 638 1325 soles
661 1273 690 1325 tu
714 1267 790 1325 cuim
814 1265 912 1325 elicere
935 1264 1033 1325 literas
1055 1286 1154 1327 amare
1177 1267 1257 1327 illurn
1282 1277 1310 1327 ct
1332 1271 1448 1346 ingenia
1477 1267 1646 1345 complecti:
1675 1270 1747 1328 scri·

386 1371 524 1449 ‚tabam
541 1377 652 1436 tanren,
677 1374 718 1433 ct,
743 1368 796 1426 uisi
820 1369 916 1426 omnia
939 1366 1054 1433 fallant,
1079 1369 1263 1444 persuadebo
1287 1372 1382 1429 etiam.
1417 1370 1501 1429 rlurm
1524 1369 1630 1429 ablrinc
1652 1377 1771 1435 sertim

454 1491 520 1531 cum
542 1470 682 1530 Bnnouias
704 1468 894 1528 scholasticus
916 1461 1050 1546 agerem,
1080 1476 1167 1548 atque
1190 1470 1237 1530 illc
1260 1470 1371 1548 legatus
1399 1472 1434 1530 ad
1458 1470 1561 1530 lulium
1585 1472 1745 1530 secundum

453 1572 574 1632 Caesaris
597 1567 783 1629 blaairuiliaui
806 1574 895 1637 essct,
931 1578 959 1630 ct
981 1572 1009 1630 in
1034 1590 1069 1630 eo
1092 1573 1195 1631 itincre
1219 1572 1381 1633 Bononiam
1408 1574 1590 1640 accessisset,
1625 1580 1746 1650 rogatus

452 1693 518 1734 sum
541 1691 556 1731 a
580 1672 733 1732 Germanis
756 1670 809 1737 ibi,
833 1671 1069 1749 quandoquidem
1094 1672 1272 1733 carminibus
1295 1681 1323 1734 et
1346 1673 1527 1733 orationibus
1554 1682 1746 1732 occurrerent

454 1776 574 1837 Caesaris
596 1773 691 1851 legato
713 1771 776 1831 itali
798 1770 898 1839 multi,
921 1791 959 1831 nc
983 1774 1130 1833 rideretur
1152 1792 1187 1833 ex
1203 1774 1357 1834 Germanis
1379 1777 1448 1835 item
1470 1777 1598 1850 potuisse
1621 1775 1679 1834 boc
1693 1794 1744 1834 nc·

396 1885 442 1935 §.t
452 1878 577 1943 minem,
601 1874 708 1953 aliquid
733 1875 843 1950 etipse
866 1874 1083 1935 conscriberem
1107 1875 1185 1954 quod
1202 1875 1241 1936 illi
1258 1878 1422 1937 offerretur.
1463 1877 1561 1953 parui,
1586 1875 1779 1938 obsecutusto

453 1997 532 2046 sum,
557 1978 763 2056 panegyricum
786 1974 856 2043 lusi;
881 1977 909 2033 io
932 1976 1111 2036 membranis
1134 1980 1317 2054 conscriptus
1339 1977 1454 2037 libellus
1483 1984 1526 2037 cst
1554 1985 1583 2037 et
1612 1996 1741 2054 purpura

453 2080 572 2140 indutus
599 2098 633 2138 ae
662 2078 799 2136 deamata
828 2077 923 2145 frons,
960 2076 1060 2137 titulus
1088 2079 1193 2146 minio,
1228 2079 1340 2157 reliqua
1369 2087 1400 2138 ut
1429 2086 1589 2156 potuerunt
1618 2078 1741 2138 exculta.

395 2180 529 2242 §.arum
551 2180 613 2248 ille,
638 2179 726 2259 quid‘l
748 2196 807 2236 nou
831 2195 950 2254 possum
973 2178 1072 2238 dicere
1095 2178 1187 2246 aliud,
1213 2183 1387 2258 contempsit
1409 2199 1516 2240 nmnus
1532 2199 1638 2239 meuru
1677 2179 1741 2239 Fla-

453 2285 540 2361 gitari
561 2280 639 2342 haud
662 2279 755 2341 nmlto
782 2287 863 2357 post,
898 2281 964 2358 qnia
993 2281 1022 2339 iu
1051 2283 1184 2341 maximis
1211 2300 1395 2341 summorum
1425 2284 1589 2360 principum
1619 2283 1742 2358 negotiis

451 2386 561 2444 versari
584 2385 706 2453 scirem,
741 2383 854 2459 maguis
876 2399 946 2441 usus
969 2383 1130 2442 amicorum
1154 2383 1425 2449 intercessionibus,
1459 2383 1584 2443 adscribi
1614 2384 1642 2441 io
1666 2381 1778 2442 illiusu

450 2488 635 2553 comitatuum
659 2484 710 2543 sed
734 2501 829 2562 nequo
851 2484 1002 2559 impetrari
1024 2482 1096 2550 hoc,
1120 2502 1216 2562 neque
1238 2504 1285 2545 me
1308 2483 1369 2553 illc,
1394 2504 1461 2545 cum
1484 2484 1591 2544 rnilitim
1612 2503 1739 2561 agerem,

449 2604 563 2646 summa
586 2604 653 2645 cum
675 2587 773 2663 iuopia
795 2604 829 2644 ac.
851 2592 917 2644 ante
940 2586 1030 2661 ipsius
1053 2585 1153 2644 oculos
1182 2604 1259 2662 sape
1286 2584 1523 2654 obambularem,
1558 2594 1607 2647 aut
1634 2584 1740 2645 saluta·

448 2689 529 2746 tione
552 2693 600 2746 aut
622 2692 759 2763 respectu
781 2686 915 2763 diguatus
933 2677 995 2746 'est:
1031 2692 1142 2747 tardum
1165 2687 1271 2755 alrluit,
1306 2688 1449 2749 bonorem
1478 2696 1509 2748 ut
1539 2690 1661 2748 invicem
1689 2687 1739 2746 ba-

394 2787 535 2849 §.c-beret
557 2790 598 2848 sic
620 2789 656 2848 de
678 2806 710 2848 se
732 2789 845 2847 merito.
890 2787 963 2847 Huic
986 2794 1017 2848 tu
1039 2789 1082 2847 ris
1108 2786 1199 2847 libros
1227 2807 1308 2849 meos
1336 2789 1475 2855 adscribi,
1510 2794 1560 2849 aut
1587 2791 1666 2849 burm
1693 2807 1740 2847 ure

448 2889 527 2950 voles
549 2891 675 2948 ornare?
698 2891 860 2967 pracsertim
883 2909 949 2949 curn
973 2889 1030 2949 hoc
1052 2887 1100 2948 illc
1123 2908 1181 2949 non
1204 2889 1349 2968 postulet,
1378 2899 1410 2951 ut
1433 2893 1482 2968 qui
1505 2891 1582 2950 (lomi
1605 2910 1665 2952 succ
1688 2893 1775 2951 lia-20

448 2991 515 3052 beat
537 2992 586 3071 qui
610 2990 665 3050 lroo
687 2991 811 3060 iaciunt,
835 2990 917 3051 illum
939 2992 1071 3069 inprimis
1094 2990 1312 3061 Barllrolinum,
1337 3001 1510 3052 eoru'cntum
1527 2993 1737 3069 duguslensem

448 3095 498 3173 qui
520 3093 687 3170 descripsit,
724 3093 773 3153 ubi
796 3099 908 3152 tautum
932 3091 1013 3152 illum
1042 3092 1140 3160 elicrt,
1175 3101 1207 3151 ut.
1237 3111 1295 3153 rum
1324 3094 1472 3154 modicum
1502 3092 1564 3153 aliis
1594 3094 1736 3154 detrabat.

391 3195 493 3256 §.aue
516 3195 633 3275 quidem
657 3213 743 3255 suum
765 3194 892 3272 appellat
913 3194 998 3263 inibi,
1033 3200 1114 3254 ratus
1142 3195 1184 3253 sic
1212 3195 1275 3256 lore
1303 3202 1336 3255 ut
1357 3215 1417 3255 raon
1445 3198 1567 3256 scotiam
1591 3194 1737 3255 occultum

511 3502 620 3567 equum
640 3504 713 3551 7...9.
731 3515 839 3563 seraper.
893 3496 1200 3564 sccundum]11.7...9.r
1238 3500 1328 3550 ⁷esse
1341 3500 1375 3549 B.
1428 3499 1599 3549 ⁸orationib.
1620 3497 1735 3565 occurri

443 3587 488 3637 Ita
507 3604 531 3636 e.
551 3604 591 3653 gr.
611 3587 689 3636 XXII
714 3585 871 3634 ‘Orationes
888 3584 1003 3634 l'icnnae
1023 3584 1143 3635 Austriae
1163 3586 1198 3635 ad
1216 3587 1316 3634 Divum
1335 3584 1553 3633 Maximilianum
1573 3585 1643 3634 Cres.
1665 3587 1734 3648 Arrg.

445 3671 569 3735 aliosque
593 3671 793 3721 illustrissimos
816 3669 973 3734 Principes,
998 3669 1111 3720 habitae.
1145 3672 1176 3719 lu
1196 3669 1376 3718 celeberrimo
1395 3669 1477 3717 trium
1494 3669 1599 3733 Regum
1620 3669 1734 3717 adCaca.

444 3762 590 3806 conuentu.
610 3757 688 3806 Anno
700 3755 852 3806 1111).)111.1
877 3756 949 3804 inter
968 3769 1036 3818 quas
1055 3755 1139 3804 etiam
1154 3755 1274 3804 Vadinni
1292 3753 1430 3803 nonnullae
1448 3753 1589 3817 leguntur,
1612 3754 1734 3801 ‘Viennae

442 3844 594 3892 Pannoniae
618 3858 668 3907 per
690 3843 886 3903 Hieronymum
912 3839 1073 3888 Victorem.
1090 3842 1226 3890 ..Mense
1245 3839 1375 3888 Ianuario
1393 3838 1482 3887 Anno.
1503 3841 1630 3887 sanavi)
1650 3839 1678 3885 in
1698 3839 1733 3884 ⁴⁰.

441 3927 610 3990 prodierunt.
629 3928 666 3975 Et
685 3925 817 3975 eiusmodi
836 3925 988 3974 orationum
1008 3940 1042 3973 ac
1061 3927 1212 3974 carminum
1231 3924 1344 3973 seorsim
1361 3922 1564 3987 publicatorum
1574 3938 1674 3986 magna
1689 3939 1733 3970 eo·

441 4012 489 4074 pia
508 4016 596 4072 extat,
629 4010 769 4074 multaque
793 4011 821 4059 in
840 4010 1034 4058 historicorum
1052 4011 1253 4076 promptuarios
1265 4009 1350 4058 libros
1364 4013 1562 4071 congesserunt
1574 4006 1732 4065 Selrardius,

440 4095 592 4157 Frclrerus,
613 4094 750 4155 Strurdns,
772 4093 831 4144 alii.
897 4092 917 4126 ¹²
936 4092 979 4160 oe]
1001 4099 1031 4144 at
1044 4098 1068 4144 6.
1133 4092 1152 4126 ¹¹
1171 4094 1333 4160 negociisE
1347 4096 1370 4141 6.
1424 4091 1445 4123 ¹⁶
1463 4092 1572 4141 milities
1592 4090 1734 4156 agcrcmll

439 4196 474 4229 aa
488 4180 618 4229 militiam
631 4181 691 4230 sive
704 4178 821 4228 militem
835 4182 964 4244 agerem?
1002 4179 1023 4212 ²¹
1043 4180 1174 4231 Rielrardi
1187 4178 1344 4229 Bartholini
1357 4176 1508 4239 (Perusini)
1521 4177 1574 4225 riri
1594 4176 1733 4225 errulitiss.

441 4263 474 4315 de
495 4270 632 4314 conventu
649 4264 819 4330 Angustcnsi
839 4265 974 4313 concinna
993 4265 1091 4326 deser„
1112 4264 1194 4314 robus
1214 4267 1297 4313 etiam
1318 4269 1454 4313 externar.
1475 4262 1597 4326 gentium
1618 4277 1678 4325 ane
1693 4262 1732 4309 in-

440 4351 521 4400 terim
539 4354 620 4415 gesta
632 4354 707 4410 sunt,
728 4363 789 4398 cum
803 4348 946 4413 elegantia
958 4350 1123 4399 intersertis.
1138 4365 1159 4398 s.
1173 4348 1191 4397 l.
1206 4356 1233 4399 et
1246 4366 1271 4399 a.
1291 4349 1326 4396 4⁰.
1340 4365 1366 4415 p.
1381 4347 1428 4395 ult.
1443 4348 1566 4410 (repetit.
1580 4361 1623 4410 ap.
1638 4345 1732 4393 Schel-

438 4434 516 4485 horn.
535 4435 676 4486 Amoenitt.
689 4435 726 4483 11.
748 4451 775 4499 p.
788 4432 936 4494 ooo...70u,
968 4437 1036 4484 item
1049 4451 1094 4499 ap.
1108 4434 1306 4499 Senekenbcrg
1330 4432 1384 4481 Sel.
1404 4433 1455 4480 iur.
1475 4437 1503 4479 et
1521 4431 1585 4479 bist.
1606 4435 1669 4478 tom.
1685 4430 1731 4479 ll'.

438 4521 483 4570 Pr.
500 4518 571 4569 1738.
591 4517 626 4568 8⁰.
646 4537 671 4584 p.
685 4517 839 4582 627...u80.)
863 4519 960 4580 „Etsi
980 4534 1029 4568 noa
1048 4520 1133 4569 multa
1152 4535 1205 4568 non
1224 4518 1305 4568 iuviti
1323 4517 1539 4582 praeterivimus,
1564 4513 1732 4579 quandoqui-

438 4605 521 4667 „dem
534 4604 658 4654 nonnulli
672 4605 809 4669 quaepiam
822 4609 905 4668 atque
918 4604 1058 4653 Huttcnus
1072 4619 1148 4654 meus
1167 4604 1300 4669 imprimis
1319 4607 1347 4651 et
1365 4617 1478 4650 munera
1491 4600 1731 4649 Reverendissimo

438 4689 603 4751 „Cardinali
616 4689 864 4754 Mogontino·data
883 4693 911 4737 et
928 4688 1000 4739 hunc
1020 4694 1198 4748 conuentum,
1218 4689 1401 4737 Romanorum
1420 4701 1514 4750 regem
1532 4685 1731 4750 parturientem

437 4773 721 4838 „deaeripscrit...'’
740 4774 826 4822 Extat
845 4774 930 4821 ctiam
950 4774 1072 4823 eiusdem
1090 4772 1189 4822 Oratio
1208 4773 1243 4822 ad
1261 4773 1328 4837 Imp.
1355 4771 1424 4820 Cres.
1445 4769 1636 4819 Maximillam]
1660 4771 1729 4833 Aug.

439 4872 472 4907 ac
495 4856 623 4923 potentis.
650 4858 829 4912 Germaniam
853 4857 1011 4921 Principes,
1038 4858 1071 4907 de
1100 4856 1274 4921 expeditione
1294 4861 1391 4905 contra
1408 4856 1515 4904 Turres
1542 4854 1729 4919 suscipienda.

436 4942 505 5007 Aug.
519 4941 599 4990 Vind.
615 4958 659 5006 ap.
674 4939 748 4991 (irini
765 4942 787 4992 dr
804 4943 943 5005 ll'irsung.
969 4942 1042 4992 1518.
1065 4941 1102 4990 la.
1118 4934 1193 5005 Sept.
1213 4942 1248 4990 21⁰.
1270 4941 1399 4990 Eiusdem
1414 4940 1619 5004 Hodoeporicon
1635 4939 1729 4988 Cardi-

437 5025 510 5076 nalis
529 5026 678 5077 Gurcensis
702 5044 762 5077 curn
781 5028 867 5078 variis
887 5028 1056 5076 cernrioibus
1075 5027 1222 5091 repetitum
1246 5027 1335 5075 estin
1354 5027 1416 5075 lter.
1436 5026 1625 5074 Gernmnicar.
1657 5024 1729 5074 Scrr.

438 5125 471 5164 ex
488 5110 555 5161 bibl.
569 5110 685 5164 Frclrcri
703 5127 760 5169 eur,
777 5115 809 5166 B.
829 5113 860 5165 G.
880 5113 1004 5178 biturio,
1025 5117 1090 5165 tom.
1104 5111 1140 5162 11.
1159 5112 1304 5179 Argentea
1322 5110 1394 5162 1717.
1415 5110 1463 5161 fol.
1482 5107 1657 5178 p.613...072.
