4067 6209
467 749 479 819 1
492 747 539 820 58
575 762 659 814 LXX.
673 776 798 813 urrann
808 775 889 810 naon.
901 774 1057 811 xmuarrnu
1070 774 1257 812 unumunurn
1267 776 1302 811 uc
1313 776 1414 812 nourr.
1428 768 1758 812 cousr.u1u.1.uuc,1olt.

465 936 538 995 Leo!
561 932 645 1004 Quod
668 932 757 992 armis
779 930 1016 1008 persequendum
1037 939 1112 1001 crat,
1136 931 1165 991 id
1187 932 1387 994 beneficentiae
1402 941 1555 1012 acceptum
1570 940 1628 993 tuae
1643 935 1758 993 relerre

463 1038 557 1098 lieet·
584 1040 764 1114 quapropter
786 1032 921 1095 desinant
943 1033 1061 1110 quidam
1084 1042 1231 1102 metuere,
1267 1054 1304 1094 nc
1327 1044 1357 1094 tu
1380 1037 1574 1113 aegrescens,
1606 1036 1630 1093 si
1654 1035 1760 1112 edatur

465 1140 514 1199 lric
536 1139 633 1197 denuo
655 1134 746 1204 liber,
770 1135 849 1212 quod
871 1133 910 1193 illi
933 1144 999 1195 aute
1022 1138 1194 1212 preposteri
1216 1138 1387 1214 pontifices,
1409 1158 1447 1198 no
1470 1138 1629 1197 lmlreretur
1648 1138 1680 1199 in
1696 1156 1758 1197 nra·

397 1240 567 1307 erauldus,
590 1244 760 1298 vetuerunt:
789 1234 861 1296 nihil
883 1243 927 1296 est
949 1236 1000 1296 tibi
1024 1239 1101 1297 euim
1129 1256 1284 1298 commune
1313 1258 1379 1299 cum
1408 1239 1478 1309 illis,
1507 1241 1574 1318 quia
1603 1239 1675 1298 uilril
1705 1241 1759 1299 luit

463 1343 534 1420 ipsis
557 1360 624 1400 cum
647 1339 777 1398 Christo:
811 1357 879 1398 uam
902 1336 941 1396 illi
963 1337 1018 1397 sul)
1042 1339 1152 1398 fraudis
1174 1341 1242 1400 luco
1264 1339 1405 1400 secnlmia
1428 1342 1463 1400 nd
1487 1360 1518 1399 se
1545 1342 1668 1418 imperia
1698 1348 1779 1400 tra-s

463 1451 586 1512 xerunt,
614 1450 645 1502 tu
669 1443 698 1500 in
720 1459 844 1520 syncero
866 1440 994 1500 veritatis
1023 1439 1180 1517 splendore
1209 1440 1356 1501 colestem
1384 1442 1626 1511 dominationem,
1650 1443 1689 1501 'id
1715 1452 1759 1502 est

463 1547 544 1624 pacis
565 1562 705 1622 reguum,
729 1543 877 1619 aperuisti.
922 1542 979 1601 Per
994 1549 1023 1601 te
1039 1541 1085 1601 illa
1102 1543 1189 1620 igitur
1205 1542 1366 1602 Christiana
1381 1544 1525 1603 reviviscit
1546 1545 1667 1613 veritas
1692 1564 1757 1622 quau

465 1629 533 1709 curn
555 1665 696 1723 oppressa
724 1644 773 1705 diu
802 1645 907 1714 luerit,
940 1662 1020 1704 rrrrnc
1047 1663 1079 1703 se
1108 1643 1218 1721 colligit
1246 1651 1274 1703 ot
1302 1646 1413 1721 eaptira
1441 1645 1613 1722 iampridem
1642 1645 1757 1716 alr-illo

311 1780 316 1787 ·
396 1750 586 1811 §.tt-reducta
609 1747 795 1807 obscuritatis
817 1765 936 1807 carcerc
965 1744 1061 1806 luceru
1088 1746 1221 1806 revidere
1249 1754 1389 1805 merctur.
1441 1746 1502 1815 Qun
1531 1747 1636 1807 fiducia
1664 1747 1757 1808 elatus

463 1852 551 1912 audet
573 1849 610 1910 31)
633 1850 734 1909 inieris
756 1867 902 1926 exurgens
924 1847 1003 1907 Valla
1026 1849 1055 1906 in
1078 1848 1230 1907 hominum
1260 1867 1346 1908 aures
1377 1856 1464 1926 atrpre
1493 1848 1594 1908 oculos
1621 1852 1755 1927 recipere
1770 1866 1790 1904 ro

463 1974 542 2022 sese,
566 1952 603 2012 olr
627 1952 654 2011 id
678 1952 770 2028 magis
793 1951 894 2019 ctiam,
925 1950 1002 2028 quod
1026 1950 1081 2009 luit
1102 1951 1159 2009 tuis
1181 1950 1250 2010 olim
1273 1950 1431 2010 rumoribus
1454 1950 1576 2020 chenus,
1610 1970 1625 2011 a
1649 1952 1757 2029 qrrilrus

464 2063 496 2116 ut
518 2056 594 2115 lianc
608 2053 695 2113 reluti
710 2052 923 2113 haereditariam
939 2052 1076 2129 accepisti
1093 2052 1243 2121 virtutem,
1267 2053 1305 2111 ita
1321 2053 1349 2110 in
1365 2052 1427 2111 aliis
1443 2054 1562 2112 numme
1578 2053 1755 2130 degeneras:

464 2176 530 2218 uanr
553 2156 637 2216 sicuti
660 2155 823 2214 eruditione
846 2153 926 2214 illum
949 2155 1121 2231 rrragislrum
1144 2162 1226 2214 tumn
1242 2153 1415 2214 l‘olitiauum
1438 2155 1545 2223 rulers,
1569 2156 1607 2214 itu
1623 2156 1756 2215 morilms

463 2260 499 2320 ab
522 2268 604 2319 atavo
628 2259 733 2318 Celsino
756 2257 867 2317 alienus
889 2257 1009 2316 nulrime
1031 2257 1152 2324 viderim
1181 2258 1265 2316 cuius
1292 2256 1538 2333 ‹premadmodum
1567 2258 1663 2334 prima
1692 2257 1756 2317 laus

463 2363 532 2430 luit,
555 2361 634 2439 quod
657 2361 695 2433 iu¹
709 2378 761 2418 sua
783 2360 897 2418 civitate
915 2377 995 2418 unus
1017 2360 1115 2418 ouuria
1139 2360 1247 2436 potuit,
1276 2377 1335 2418 uon
1357 2360 1454 2418 omma
1477 2357 1580 2426 voluit,
1609 2360 1647 2417 ita
1672 2366 1786 2419 tnrrrnu

463 2482 581 2542 querque
604 2462 757 2521 cucomion
781 2468 858 2529 esto,
882 2460 1052 2537 quodcum
1075 2479 1199 2538 regnare
1221 2468 1254 2519 ut
1275 2461 1435 2537 imperator
1463 2478 1578 2547 plesco,
1607 2462 1755 2520 custodire

395 2573 496 2627 eruut
519 2572 617 2641 pastor
639 2563 739 2622 rnads.
783 2561 885 2639 sedin
909 2561 1014 2621 Cosmo
1037 2562 1091 2621 luit
1113 2562 1170 2621 lroc
1192 2562 1334 2638 imprimis
1356 2561 1579 2632 admiramlum,
1610 2564 1690 2641 rprml
1712 2565 1753 2622 in-

462 2665 595 2725 eruditus
617 2666 679 2741 ipse
702 2662 791 2723 coluit
813 2662 956 2731 cruditos,
980 2663 1110 2741 undique
1131 2663 1167 2723 ad
1183 2682 1247 2723 sese
1262 2682 1417 2724 accersens
1433 2671 1461 2723 ct
1475 2682 1531 2740 ope
1547 2672 1634 2743 alque
1649 2664 1754 2741 opillus

463 2768 577 2834 iuvans;
607 2765 781 2825 laurentius
811 2782 879 2824 rcro
907 2771 991 2841 paler
1018 2772 1048 2825 et
1076 2764 1165 2825 coluit
1187 2766 1290 2831 doctos
1313 2773 1341 2824 et
1363 2767 1416 2825 luit
1437 2767 1500 2843 ipse
1522 2766 1655 2825 doctriua
1678 2767 1754 2824 inter

462 2870 575 2945 primos
601 2887 661 2927 suae
687 2867 779 2926 aetatis
809 2867 1093 2927 counuemorandus
1138 2866 1264 2927 Felicem
1295 2868 1370 2928 lianc
1397 2869 1484 2944 igitur
1503 2868 1653 2936 domum,
1688 2884 1787 2945 qrraeeo

462 2968 593 3030 iuvandis
615 2970 744 3028 instituta
767 2975 811 3027 est
832 2967 934 3028 literis!
968 2969 1020 3027 Cui
1043 2968 1126 3028 alteri
1155 2970 1232 3030 cuim
1260 2970 1404 3030 debentur
1426 2969 1516 3030 seculi
1539 2971 1626 3030 liuius
1653 2970 1753 3029 dotes'l

462 3074 545 3133 cuius
567 3070 687 3131 alterins
709 3071 852 3131 borrellcio
875 3078 1017 3131 revocatae
1039 3070 1075 3129 ab
1098 3070 1217 3132 interitu
1240 3072 1349 3132 Graecae
1371 3073 1481 3149 pariter·
1504 3091 1538 3132 ac
1554 3072 1662 3131 Latinae
1685 3080 1752 3131 sunl

461 3173 569 3234 literae?
591 3181 624 3234 ut
645 3172 699 3232 soli
722 3175 779 3233 siut
801 3170 925 3232 initalia
942 3170 1117 3240 Florentiui,
1142 3191 1216 3250 quos
1238 3181 1318 3232 tauto
1340 3181 1460 3250 accepto
1483 3174 1639 3233 commodo
1655 3180 1751 3251 tyran-

393 3291 568 3341 §.muorum
590 3276 732 3353 penitere
755 3293 813 3334 nou
836 3274 949 3333 delicat.
995 3273 1110 3334 Scilicet
1132 3275 1239 3334 clrarns
1255 3276 1307 3334 luit
1321 3275 1481 3335 maioribus
1495 3276 1552 3335 tuis
1569 3273 1661 3342 Valla,
1685 3294 1751 3334 cum

460 3379 581 3446 viverem
610 3376 661 3435 tihi
689 3375 727 3434 olr
756 3375 873 3435 illorum
900 3377 1094 3436 reverentiam
1114 3395 1153 3436 ne
1175 3385 1310 3436 mortuus
1332 3378 1450 3454 quidem
1478 3376 1669 3453 negligendus
1697 3384 1784 3435 ester

460 3479 515 3539 Ubi
537 3469 605 3539 suut
627 3476 666 3537 illi
689 3478 786 3556 itaque
809 3478 998 3537 metuendum
1030 3480 1079 3555 qui
1107 3478 1262 3555 putabant,
1296 3486 1328 3538 ut
1356 3480 1449 3539 lerrcs
1477 3486 1508 3538 tu
1538 3479 1636 3555 operis
1665 3478 1751 3537 liuius

458 3580 704 3658 divulgationem?
733 3580 815 3657 (prasi
837 3598 906 3640 vcro
934 3599 1061 3657 rrrrquam
1085 3579 1121 3639 ab
1144 3581 1240 3640 auimo
1264 3587 1313 3640 tuo
1336 3588 1453 3658 recepta
1476 3582 1512 3639 sit
1535 3581 1615 3640 fraus
1637 3599 1750 3648 corum,

459 3684 509 3762 qui
531 3681 673 3742 scelerate
694 3683 807 3742 mentiti
829 3683 887 3740 siut
909 3681 945 3742 de
968 3682 1175 3752 Constantino,
1209 3689 1339 3743 autnon
1362 3685 1386 3741 is
1408 3684 1445 3744 sit
1467 3680 1584 3741 lilrellus
1611 3682 1672 3746 hic.
1702 3682 1751 3758 qui
1837 3689 1839 3693 ‘

459 3783 516 3862 legi
539 3785 575 3844 alr
598 3777 815 3845 omnibusnon
838 3784 930 3861 possit
950 3792 1078 3854 tantum,
1102 3784 1154 3843 sed
1169 3786 1334 3846 necessario
1349 3784 1455 3844 delreat
1469 3785 1570 3847 etiam.
1594 3802 1661 3842 (urm
1685 3801 1750 3859 pcr-

390 3897 408 3947 t.
418 3900 448 3941 n.
459 3906 583 3964 magnus
605 3888 641 3945 sit
657 3905 692 3945 ex
708 3906 743 3946 eo
760 3888 888 3953 lructuS,
911 3885 982 3946 dum
996 3887 1102 3946 veritas
1117 3888 1311 3963 pernoscitur.
1336 3887 1382 3946 ‘At
1396 3885 1554 3945 maledicus
1570 3885 1637 3951 est:
1661 3886 1785 3944 inunooo

457 4008 527 4048 vero
542 3988 652 4047 idcirco
667 3988 776 4053 lrouus.
800 3989 867 4065 quia
890 3989 919 4046 in
942 3987 1033 4047 malos
1056 3987 1180 4048 acerbus
1203 3996 1263 4048 est:
1289 3996 1327 4048 ‘et
1347 3989 1376 4047 in
1392 3988 1544 4065 pontilices
1559 3988 1666 4064 impius
1682 3986 1750 4053 est';

457 4091 516 4149 imo
540 4091 567 4148 in
590 4097 729 4167 tyrannos
751 4090 822 4149 elus
856 4107 924 4148 uam
946 4090 970 4148 si
985 4091 1104 4167 premia
1121 4090 1266 4151 debentur
1281 4090 1358 4170 apud
1374 4090 1494 4169 Graeciae
1509 4089 1637 4148 civitates
1651 4095 1750 4167 tprau-

458 4190 575 4258 ruodilo,
604 4191 672 4267 qrrid
701 4192 735 4249 iis
763 4189 910 4259 dabimuS,
944 4192 993 4268 (pn
1017 4192 1200 4270 tyrannidem
1223 4211 1341 4271 quicque
1362 4194 1454 4269 ipsam
1477 4192 1667 4268 impugnant?
1701 4196 1751 4248 aut

457 4294 481 4353 si
503 4294 595 4370 pictas
618 4301 662 4351 est
683 4310 782 4351 arnare
804 4292 945 4369 patriam,
972 4282 1123 4370 utromodo
1152 4295 1241 4371 impie
1269 4296 1328 4372 agit
1355 4294 1404 4372 qui
1432 4293 1545 4352 hostem
1569 4291 1646 4351 illius
1668 4291 1750 4350 oditl

388 4396 501 4457 §.redu
523 4412 581 4453 uon
606 4395 725 4454 luerunt
740 4394 970 4455 Christianorum
993 4394 1093 4454 hostes
1114 4395 1155 4455 illi
1178 4397 1342 4473 pontifices,
1366 4396 1415 4474 qui
1430 4396 1560 4454 omnium
1577 4394 1613 4453 ad
1629 4412 1660 4453 se
1676 4410 1783 4471 opesoo

457 4504 624 4561 traxerunt.
647 4496 785 4556 orumlms
807 4496 906 4556 liberis
928 4498 1096 4558 seruitutem
1120 4497 1211 4557 moliti
1234 4499 1320 4558 suut?
1348 4498 1398 4575 qui
1420 4498 1543 4574 imperio
1567 4513 1666 4572 rogeo,
1698 4513 1748 4572 po·

361 4616 365 4622 ·
456 4600 540 4659 cuma
565 4600 641 4658 eires
664 4599 876 4677 dispoliabaut‘l
907 4600 956 4677 qui
978 4599 1111 4676 palliatos
1135 4600 1218 4659 [rolris
1240 4600 1276 4659 31)
1299 4599 1374 4659 urbe
1395 4605 1475 4657 tauto
1504 4597 1746 4674 patrimoniumm

455 4708 624 4761 nostrorum
649 4702 800 4779 dispendio
824 4702 977 4779 episcopos
999 4694 1170 4761 mittebant?
1204 4701 1261 4761 llut
1291 4702 1386 4760 ricarli
1416 4702 1534 4761 luerunt
1563 4699 1668 4759 Christi
1698 4700 1747 4776 (pri

455 4801 531 4863 illius
553 4805 645 4865 vicem
668 4822 727 4863 uon
750 4810 918 4882 gesserunt,
949 4822 1007 4882 quo
1030 4804 1066 4863 de
1089 4802 1231 4882 scriptum
1254 4811 1298 4862 est
1327 4802 1368 4863 ‘ln
1391 4820 1464 4880 pace
1485 4804 1578 4862 lactus
1601 4808 1645 4861 est
1666 4800 1748 4860 locus

445 5077 447 5083 Ι
523 5008 773 5073 ¹proseqnendnm
794 5013 841 5055 MS.
855 5016 883 5055 A.
937 5006 955 5038 ¹¹
975 5006 1040 5056 olim
1060 5007 1153 5056 13136.
1207 5005 1228 5037 ¹⁰¹
1252 5008 1386 5071 posuisti.
1441 5006 1461 5039 ¹⁵
1481 5024 1524 5072 nep
1540 5010 1563 5055 1.
1615 5004 1746 5055 ²'’necd.

456 5098 499 5141 cst
515 5096 584 5142 omis.
600 5098 647 5139 MS.
663 5101 690 5138 A.
749 5092 771 5123 ³⁹
790 5094 922 5157 seriptum
941 5090 993 5155 est]
1012 5091 1264 5141 1·’331ιι1.1,ΧΧ1’.3.
