4067 6209
830 809 969 864 tullonis
988 809 1150 863 russum.
1571 829 1635 877 xm

337 997 451 1062 toribus
480 999 714 1078 adiumentisque
742 1017 777 1059 ec
806 999 843 1060 de
870 1002 988 1060 lortuna
1016 1018 1067 1060 sna
1098 1019 1156 1059 nou
1179 998 1320 1074 gratulari
1342 999 1397 1061 sibi
1420 1010 1504 1078 grato
1527 1005 1633 1064 altimo.

338 1129 451 1206 Scripta
475 1128 582 1208 quibus
605 1129 646 1187 nti
670 1129 790 1203 contigit
812 1129 908 1186 onium
939 1127 1085 1187 iudicibus
1116 1135 1175 1186 tum
1206 1128 1295 1204 priori
1322 1128 1460 1188 volumini
1484 1136 1634 1208 pinorum

337 1262 400 1314 turn
422 1256 545 1334 siugulis
568 1257 655 1315 totius
678 1255 776 1332 operis
798 1254 931 1331 portibus
955 1255 1099 1314 urlrrotutis
1124 1254 1280 1328 diligenter
1309 1258 1452 1316 recensui.
1500 1259 1541 1317 lte
1564 1278 1634 1319 eon·

338 1381 401 1441 silio
425 1402 490 1442 meo
506 1383 653 1460 huiusque
676 1378 810 1442 editionis
833 1383 946 1441 cutione
968 1383 1070 1459 paucis
1093 1381 1244 1455 defungar.
1291 1381 1411 1441 llntteui
1433 1404 1497 1463 qun
1513 1389 1633 1466 coirqui-

339 1527 405 1568 rere
429 1510 515 1588 potui
534 1510 643 1586 scripto
666 1510 763 1567 omnia
787 1516 846 1568 tem
867 1498 944 1567 edita
970 1526 1058 1585 quarn
1080 1508 1204 1576 inedita,
1221 1507 1328 1593 ¹epmlio
1351 1518 1419 1569 suut
1442 1512 1469 1569 iu
1493 1498 1634 1573 liis'dno·

341 1635 394 1694 bns
423 1634 620 1695 voluminibus
647 1634 724 1694 baud
753 1634 968 1695 contemnendo
996 1652 1136 1701 munero,
1165 1653 1252 1712 quam
1282 1642 1385 1711 potero
1414 1639 1634 1714 castigatissime

341 1764 377 1821 ita
408 1762 494 1821 edam
518 1770 549 1823 ut
572 1781 606 1821 ex
630 1763 700 1839 ipsis
723 1760 886 1821 litterarum
911 1762 1012 1821 lucinis
1036 1762 1103 1838 quid
1128 1762 1164 1820 ab
1188 1763 1251 1838 ipso
1274 1761 1416 1831 Honorio,
1447 1765 1517 1841 quid
1540 1767 1634 1826 eidem

340 1887 376 1948 ab
405 1888 468 1948 aliis
497 1895 525 1948 et
548 1888 619 1967 qnid
642 1887 679 1946 ab
715 1886 877 1966 aeqrrnlibus
900 1888 1068 1949 bominibus
1091 1889 1127 1948 de
1150 1889 1278 1948 llntteuo
1311 1891 1453 1966 scriptum
1484 1901 1559 1952 esset
1590 1894 1633 1952 in·

341 2014 491 2076 tuentibus
521 2015 669 2092 adpareat.
716 2005 790 2094 quos
819 2013 933 2074 libellos
967 2016 1027 2075 sive
1061 2016 1171 2075 incerta
1205 2016 1265 2075 sire
1299 2016 1369 2075 lnlsa
1399 2037 1465 2076 eum
1490 2021 1634 2080 maiorum

341 2150 509 2201 nostrornm
541 2149 602 2202 tum
636 2142 723 2202 buius
756 2143 897 2219 temporis
928 2141 1079 2202 bominum
1099 2141 1218 2201 ⁴indicia
1241 2142 1369 2202 llntteno
1403 2144 1633 2223 adscripserunt,
1728 2167 1731 2171 ’

341 2287 391 2327 eos
423 2268 473 2329 ubi
505 2270 541 2329 ad
576 2287 638 2329 rem
668 2270 765 2329 lucere
795 2268 971 2329 ridebuntur
1000 2267 1207 2327 minutioribus
1233 2268 1337 2328 litteris
1370 2272 1548 2346 repetendos
1582 2293 1633 2334 cu·

340 2395 420 2455 rabo.
467 2396 546 2455 luter
570 2395 788 2474 orthographia}
818 2395 897 2473 leges
926 2414 989 2455 earn
1005 2405 1082 2472 vprru
1111 2396 1216 2454 ceteris
1245 2395 1411 2465 observavi,
1442 2417 1478 2457 ne
1501 2398 1537 2458 ab
1560 2402 1633 2460 anti·

340 2523 484 2599 quissimis
518 2522 762 2598 integrioribusve
791 2540 865 2600 qnos
894 2522 975 2581 odire
1005 2523 1105 2581 dutinn
1135 2530 1212 2581 esset
1235 2523 1379 2593 luritibuS,
1414 2525 1468 2583 nisi
1492 2524 1540 2584 ubi
1564 2543 1633 2605 ope-

340 2664 440 2707 rarum
463 2655 575 2707 tanturn
598 2657 718 2726 peccata
750 2650 922 2726 corrigenda
954 2657 1066 2716 esseut,
1097 2647 1180 2708 lucile
1208 2650 1396 2710 recederem:
1428 2659 1559 2712 ceterum
1582 2653 1632 2714 ba·

341 2793 405 2834 rum
434 2793 534 2835 rerum
564 2777 687 2836 curiosis
717 2779 861 2837 rationein
891 2776 994 2836 reddet
1022 2776 1185 2841 adnotatio.
1216 2778 1243 2835 in
1274 2796 1329 2855 qua
1360 2784 1458 2836 tumen
1480 2797 1558 2856 scope
1581 2798 1634 2840 nu-

340 2918 422 2960 mero
445 2902 531 2962 otiam
553 2901 743 2962 librariorum
766 2922 959 2980 operurumve
983 2902 1096 2962 mendis
1119 2922 1184 2979 qun
1208 2904 1292 2961 variis
1308 2903 1437 2963 eiusdem
1454 2904 1521 2965 libri
1536 2925 1634 2966 exem·

341 3026 394 3105 plis
416 3031 491 3088 inter
514 3047 546 3088 se
568 3029 779 3107 distinguendis
800 3031 974 3090 inservirent
996 3029 1094 3089 locum
1117 3031 1187 3089 dure
1210 3030 1301 3089 visiun
1325 3038 1377 3089 est.
1424 3049 1510 3107 pares
1525 3032 1634 3112 ubique

341 3156 501 3215 eorundum
533 3155 689 3215 verborum
722 3158 831 3216 lorinus
860 3163 1075 3234 repraeseutnre
1104 3174 1163 3216 non
1191 3155 1285 3223 licuit,
1316 3175 1383 3215 eum
1411 3160 1498 3218 etimn
1525 3158 1633 3219 saeculo

340 3281 452 3341 decimo
475 3289 558 3343 seito
581 3284 740 3358 scriptores
764 3282 807 3344 cel
823 3284 982 3344 doctissimi
1005 3300 1065 3341 non
1088 3291 1231 3360 perpetuo
1248 3282 1350 3343 uirilem
1367 3283 1454 3343 verita
1469 3285 1573 3345 iisdem
1587 3287 1634 3346 lit·

340 3409 409 3468 teris
424 3428 521 3487 neque
536 3412 634 3470 omniu
649 3428 767 3488 semper
782 3411 843 3471 suis
866 3409 969 3470 litteris
990 3411 1194 3487 scripsissent,
1218 3412 1268 3471 sed
1293 3413 1368 3471 inter
1383 3430 1400 3472 c
1415 3419 1444 3470 et
1459 3419 1483 3477 t,
1507 3430 1524 3470 e
1540 3419 1569 3470 et
1583 3431 1632 3486 qu,

338 3542 405 3594 eet
426 3554 454 3595 ce
476 3536 520 3596 rel
542 3553 584 3604 oe,
607 3540 620 3595 i
641 3545 669 3596 et
690 3557 726 3613 y,
748 3539 772 3610 f
789 3545 818 3597 et
837 3539 895 3613 pb,
919 3556 939 3596 n
963 3544 991 3596 et
1013 3556 1069 3605 tut,
1091 3557 1106 3597 s
1128 3544 1156 3598 et
1176 3541 1222 3608 ss,
1251 3547 1312 3597 tet
1335 3547 1357 3598 tt
1378 3537 1567 3616 similiterque
1589 3538 1633 3597 iu·

339 3670 382 3720 ter
410 3662 480 3722 alius
508 3661 619 3722 litteras
648 3665 753 3725 incerti
782 3665 981 3725 fluctuasseut.
1028 3663 1121 3724 multo
1154 3666 1251 3723 minus
1285 3682 1350 3724 eum
1383 3664 1452 3726 mibi
1486 3663 1632 3724 licentiam

338 3791 449 3866 sumpsi
472 3797 504 3848 ut
525 3789 705 3868 stribligines
729 3810 787 3850 nou
810 3790 920 3859 nullas,
945 3811 969 3850 v.
995 3811 1020 3850 c.
1045 3791 1281 3850 coniunctionem
1304 3809 1342 3851 uc
1364 3790 1479 3850 miliens
1501 3798 1568 3851 cute
1584 3811 1633 3851 vo·

338 3912 429 3974 celem
460 3917 599 3993 positum,
633 3917 768 3978 tollerem
801 3926 851 3978 urit
879 3925 981 3978 eruum
1008 3918 1129 3978 liutteni
1158 3917 1400 3977 cousuetudinem
1434 3918 1524 3978 verbo
1555 3923 1632 3979 enim

337 4043 459 4102 iustmn‘
470 4043 578 4122 ubique
601 4044 699 4105 locum
722 4045 923 4122 adsignarent,
948 4047 1032 4126 qumi
1056 4046 1117 4122 ipse
1140 4045 1318 4122 scriptorum
1341 4064 1356 4104 a
1380 4064 1426 4105 mc
1450 4044 1631 4104 edendorum

337 4175 439 4253 auctor
462 4188 573 4233 essem:
597 4189 666 4232 suos
689 4173 775 4231 etiam
799 4173 918 4251 egregia
941 4191 1067 4250 corpore
1092 4191 1189 4231 necros
1213 4172 1323 4231 bebere
1346 4171 1487 4246 uestibulis
1509 4170 1554 4232 les
1578 4178 1631 4230 est.

338 4296 400 4355 Non
423 4298 462 4356 itu
485 4299 588 4358 anxius
611 4297 666 4366 lui,
697 4299 720 4358 si
745 4301 920 4359 (ieiunanice
943 4300 1067 4376 scriptus
1090 4317 1198 4377 easque
1222 4298 1338 4357 Laturus
1361 4306 1459 4376 partes
1481 4298 1633 4374 exceperis

337 4441 408 4501 quas
430 4431 481 4484 ant
503 4425 565 4502 ipse
588 4425 715 4501 primum
739 4433 789 4486 eut
812 4445 846 4487 ex
872 4427 941 4503 ipsis
965 4445 1052 4486 runnu
1075 4426 1191 4502 scriptis
1214 4425 1355 4502 exernplis
1377 4424 1517 4490 exhibeo,
1542 4425 1571 4483 iu
1593 4425 1632 4483 si-

337 4551 400 4626 gnis
423 4552 667 4627 interpunctionis
689 4570 778 4629 equom
802 4560 905 4612 cocunt
928 4553 1082 4613 commode
1106 4552 1249 4631 ponendis
1272 4552 1481 4628 inutilibusque
1510 4550 1633 4610 reicien-

337 4677 394 4744 dis,
418 4695 456 4738 ne
478 4676 604 4738 lectores
627 4678 692 4737 rudi
716 4678 862 4757 hodieque
885 4677 1001 4738 insolito
1025 4679 1182 4740 verborum
1207 4680 1392 4756 partiumque
1415 4679 1553 4737 orationis
1575 4677 1633 4738 dis-

337 4805 566 4881 tinguendorum
595 4823 693 4873 more,
724 4824 782 4884 quo
806 4807 869 4883 ipso
893 4805 974 4866 eilde
996 4808 1110 4867 incerto
1135 4807 1272 4884 varioque
1295 4824 1362 4866 curu
1384 4805 1503 4864 Hutteui
1526 4805 1632 4883 scripte

336 4933 510 5008 prodierunt
533 4940 562 4993 et
590 4951 688 5010 operte
717 4940 745 4992 et
772 4934 826 5010 ipsi
858 4934 944 4992 ctiam
973 4934 1133 5013 scriptores
1162 4931 1333 5001 utebantur,
1368 4930 1489 4992 moleste
1519 4933 1633 5010 inpedi-

337 5068 456 5121 rentnr:
487 5078 555 5120 nam
584 5068 612 5119 et
635 5061 754 5120 llutteni
783 5059 882 5120 stilum
911 5061 939 5119 in
963 5058 1159 5119 conuimtibns
1180 5060 1355 5137 punctisque
1378 5076 1406 5136 q.
1432 5079 1456 5117 v.
1481 5059 1632 5120 ell'unden·
