4067 6209
673 2087 922 2163 EDITORIS
954 2082 1246 2161 PRAEFATIO.

397 2496 551 2557 Germanis
574 2496 648 2555 iuter
671 2495 724 2555 alia
749 2495 890 2555 libertatis
912 2496 1101 2572 veritatisque
1125 2501 1153 2552 et
1176 2499 1349 2553 ornamenta
1374 2498 1402 2550 et
1425 2496 1610 2555 incitamenta

309 2626 339 2683 in
369 2624 471 2701 primis
493 2623 612 2682 Hutteni
639 2624 747 2700 scripta
777 2623 940 2700 praestanda
973 2640 1039 2681 esse
1069 2619 1232 2681 uudtormn
1262 2625 1328 2678 ante
1351 2637 1399 2678 me.
1422 2622 1610 2700 prudentium

309 2750 517 2827 bonorumque
546 2749 675 2808 virorum
704 2751 846 2809 sententia
877 2749 938 2810 tuit.
986 2748 1064 2827 iqiiod
1095 2748 1227 2808 «inlutum
1258 2746 1354 2806 adhuc
1388 2748 1517 2809 solutum
1552 2766 1610 2808 uon

310 2895 376 2935 esse
405 2883 472 2934 aute
501 2875 555 2933 tius
584 2875 646 2934 sero
674 2894 778 2936 novem
808 2893 917 2944 airum,
948 2894 1015 2935 cuin
1045 2874 1161 2935 diorum
1192 2882 1337 2953 quotquot
1366 2877 1447 2952 potui
1477 2874 1610 2953 exempla

310 3001 468 3078 conlegerc
491 3004 659 3079 coepissem,
689 3020 725 3062 ne
748 3003 881 3062 deforme
910 3010 1098 3062 venustorum
1128 2999 1197 3061 olim
1227 3001 1430 3062 mernbrorum
1461 3002 1611 3062 Mitucltia·

311 3147 382 3187 uum
407 3145 515 3204 corpus
536 3127 659 3206 legentis
681 3131 741 3189 sive
757 3131 974 3190 miserationem
990 3130 1050 3188 sive
1067 3128 1297 3204 indignationem
1314 3129 1519 3188 inrisionenue
1534 3147 1611 3189 sem·

312 3274 367 3332 pier
395 3262 538 3323 moveret,
567 3274 626 3314 nou
654 3258 717 3316 siue
745 3257 872 3336 quodam
903 3257 1017 3334 qiiidore
1046 3255 1245 3316 animadverti.
1292 3255 1443 3332 iudignum
1468 3262 1511 3314 est
1535 3256 1612 3315 euim

313 3390 413 3441 nostra
441 3390 529 3458 gente
558 3382 634 3459 equod
666 3401 702 3440 ue
731 3383 855 3444 heroum
886 3384 1005 3462 quidem
1029 3401 1152 3443 suornm
1176 3390 1384 3450 monumenta,
1414 3383 1463 3460 qui
1486 3383 1613 3458 egregiis

314 3509 494 3569 iecinoribus
517 3510 629 3567 animos
652 3527 769 3587 quoquc
793 3512 1027 3578 Germanorum,
1059 3529 1097 3569 uo
1126 3512 1270 3570 servirent
1299 3510 1387 3588 inquo
1416 3507 1507 3568 aliena
1530 3514 1612 3583 pote·

314 3644 389 3696 state
411 3638 517 3695 misere
540 3644 800 3703 consumerentur,
834 3644 953 3695 strenue
982 3636 1155 3716 fortiterque
1180 3636 1215 3695 adi
1239 3637 1378 3695 extremis
1401 3633 1538 3712 periculis
1560 3633 1611 3693 do·

315 3764 487 3830 tenderunt,
517 3770 656 3842 quantum
685 3782 739 3841 per
763 3765 904 3841 temperis
927 3764 1006 3824 hand
1031 3763 1282 3823 averruuraitdaur
1311 3763 1384 3820 irant
1414 3780 1448 3821 ac
1470 3762 1611 3821 voracita-

315 3899 374 3949 tem
402 3893 591 3968 omniumque
620 3891 815 3951 hutnanorum
847 3909 971 3968 operum
1001 3890 1247 3981 destrueudonun
1278 3890 1333 3948 iim
1364 3896 1395 3949 ot·
1426 3888 1613 3968 cupiditatem

317 4019 382 4076 tieri
405 4024 514 4094 potest,
547 4018 660 4094 integra
684 4026 853 4078 conseri-ata
876 4019 911 4078 ad
935 4020 999 4095 qiios
1029 4035 1099 4094 erga
1122 4019 1244 4095 patriam
1268 4034 1375 4077 seusus
1398 4016 1427 4075 in
1443 4018 1616 4076 nostratium

316 4146 420 4203 animis
449 4146 618 4204 excitandos
648 4145 924 4224 confirmandosque
955 4144 1071 4222 pntdice
1101 4152 1318 4222 preponuntur.
1366 4145 1541 4204 Exteroriun
1564 4161 1616 4220 po·

231 4338 233 4340 ,
317 4271 454 4349 pudorum
470 4273 542 4332 sicui
565 4269 663 4350 paullo
687 4269 804 4331 cultiori
821 4272 980 4331 Huttennut
997 4273 1074 4332 iuter
1097 4290 1166 4331 suos
1190 4290 1349 4332 munerare
1371 4270 1487 4338 liceret,
1511 4271 1555 4330 vix
1572 4269 1616 4329 ul·

320 4397 380 4458 iiim
403 4407 462 4457 tam
485 4398 687 4476 neglegentem
705 4416 769 4458 esse
788 4398 964 4458 crediderim
981 4399 1050 4477 quin
1067 4400 1175 4477 scripta
1192 4400 1262 4458 tanti
1279 4399 1331 4458 riri
1347 4416 1404 4476 pro
1421 4405 1507 4476 captu
1523 4367 1617 4455 direr-

319 4543 419 4584 sorum
442 4525 579 4586 ordinum
601 4523 672 4585 alias
694 4525 777 4610 aliter
800 4526 875 4585 edita
899 4526 976 4585 iuter
1001 4526 1168 4586 eruditioris
1191 4527 1254 4585 iiten
1269 4526 1461 4586 necessitates
1477 4522 1615 4583 iratioret:

319 4671 374 4711 nos
389 4653 508 4712 Hntteni
531 4660 560 4712 et
582 4652 704 4713 Lutiicri
727 4654 813 4713 etiam
836 4653 959 4730 scripta,
985 4654 1035 4730 qui
1058 4654 1113 4711 uisi
1136 4671 1189 4729 pro
1212 4653 1297 4712 nobis
1318 4653 1427 4730 ingenii
1450 4653 1539 4710 armis
1561 4668 1616 4728 pin

319 4786 470 4855 gerasseut,
494 4780 634 4839 Germani
656 4798 715 4838 nou
739 4798 885 4846 essemus,
917 4780 945 4838 in
968 4778 1106 4838 sordibus
1129 4778 1247 4840 disiecta
1264 4748 1497 4856 ¹contemptaque
1519 4780 1616 4839 iacere

321 4908 407 4982 prom
441 4907 471 4984 in
505 4914 649 4984 ‹quastuiri
683 4925 718 4966 ac
752 4908 884 4983 corrupti
916 4907 1108 4983 pecuniarum
1137 4906 1392 4966 conradondaium
1422 4907 1521 4964 insana
1544 4923 1616 4982 qua

318 5033 386 5093 iiam
404 5034 578 5112 cupiditate,
601 5052 658 5113 qua
675 5033 737 5094 haec
753 5041 822 5094 aetas
838 5034 930 5095 indies
945 5034 1062 5112 gravius
1078 5033 1206 5103 tertiorat,
1231 5049 1290 5090 riou
1312 5033 1374 5091 siue
1390 5032 1499 5093 acerbo
1515 5039 1617 5101 nostro
