4067 6209
398 740 469 811 136
506 754 568 804 LII.
583 769 663 817 suns.
672 768 777 803 nonnus
786 766 823 802 In
833 762 1026 804 consonent.
1035 769 1092 803 nvn.
1122 754 1199 803 LIII.
1212 769 1324 804 nincnn.
1333 769 1370 804 Au
1380 771 1512 805 uvsmn.
1524 751 1620 806 stituit.
1630 764 1690 805 tstt.

396 932 471 988 tione
492 928 640 1003 dignitates
663 945 784 1003 opesque
799 928 930 1001 consequi
951 945 1048 1002 posse.
1073 945 1140 1002 quas
1157 935 1185 983 tu
1202 945 1309 1003 semper
1323 946 1422 1002 magno
1438 939 1586 1005 erectoque
1601 933 1692 990 auimo

395 1014 608 1090 contempseris:
632 1015 678 1069 sed
701 1013 851 1088 principem
874 1013 901 1068 in
925 1015 1006 1069 terris
1028 1012 1207 1070 clarissimum
1230 1013 1308 1071 facile
1332 1023 1377 1070 tua
1399 1015 1542 1090 disciplina
1569 1035 1600 1073 uc
1623 1034 1693 1091 prae·

396 1100 522 1175 ceptione
545 1099 582 1153 ita
604 1099 710 1154 iustitui
732 1098 889 1171 erudirique
910 1115 1006 1171 posse,
1030 1106 1061 1153 ut
1075 1098 1173 1172 dignus
1193 1097 1239 1153 ille
1261 1108 1395 1155 tantorum
1419 1118 1510 1156 rerum
1531 1102 1694 1175 imperiique.

396 1184 570 1242 successione
591 1182 698 1245 evadat,
733 1184 778 1256 qui
807 1184 884 1256 regni
909 1191 962 1238 tant
985 1183 1110 1257 opulenti
1132 1183 1202 1238 vires
1225 1191 1253 1239 ct
1280 1183 1393 1240 consilia
1416 1204 1430 1241 a
1453 1185 1533 1242 hellis
1556 1187 1608 1243 ium
1631 1186 1694 1261 plus

397 1287 477 1345 quam
500 1267 624 1325 civilibus
646 1267 678 1323 ad
702 1268 772 1323 iusta
796 1268 823 1325 in
847 1268 957 1342 Impium
980 1269 1088 1324 hostem
1111 1284 1185 1324 arms
1206 1278 1361 1332 convertat,
1392 1272 1438 1344 qui
1460 1270 1567 1327 litteras
1590 1271 1719 1339 littera-⁵

397 1364 497 1429 tosque
526 1370 620 1409 omues
646 1360 674 1409 et
703 1361 774 1409 amet
802 1361 830 1409 et
857 1354 955 1409 foveat.
985 1394 1560 1410 .........................
1591 1358 1630 1412 Tu
1655 1357 1695 1411 in·

398 1442 477 1497 terim
493 1438 613 1495 Caescres
635 1455 711 1493 meos
733 1455 763 1507 ac
786 1437 890 1512 reliqua
914 1456 992 1511 quant
1015 1437 1163 1512 diligenter
1184 1440 1307 1512 poteris,
1343 1458 1412 1514 quos
1443 1441 1582 1497 Udalricus
1612 1443 1644 1497 nrl
1669 1451 1696 1496 te

397 1524 483 1588 leret,
506 1524 582 1597 leges
605 1540 655 1580 nec
677 1523 824 1597 gravabere
847 1532 893 1579 aut
916 1523 942 1578 in
965 1523 1007 1578 his
1030 1523 1115 1579 ntulta
1137 1525 1271 1598 castigarc
1300 1534 1346 1582 aut
1377 1527 1441 1599 quid
1463 1527 1496 1582 de
1518 1527 1560 1582 his
1583 1527 1696 1588 sentius,

344 1663 352 1673 ,
397 1610 515 1683 ingenue
538 1608 693 1665 admonere.
717 1609 787 1664 Bene
804 1608 871 1664 vale.
896 1607 1016 1664 Venetiis
1039 1615 1081 1667 nt.
1100 1608 1180 1671 lunii.
1207 1611 1285 1665 Anno
1310 1616 1385 1671 1517.

416 1977 619 2014 UVREHBEBGAE·
992 1940 1108 2017 LIII.
1503 1972 1537 2012 2⁶.
1553 1979 1610 2013 ΠΝ.
1629 1973 1687 2012 litii.

1707 2041 1731 2081 to

747 2130 959 2209 [BILIBALD
968 2132 1016 2191 VS
1045 2131 1349 2205 PIRCKHEIMER]

827 2228 932 2271 nonni
945 2230 984 2271 Aa
996 2228 1178 2271 canntssnao
1195 2228 1265 2270 arno

596 2317 600 2324 '
626 2308 789 2360 VLIIICHO
812 2309 992 2360 HVTTENO
1018 2309 1105 2360 VIRO
1129 2309 1480 2360 PRAESPANTISSIMO

971 2390 1122 2433 BONONIAE.

344 2523 390 2573 §.n
486 2500 575 2559 Salve
595 2498 800 2558 Reucltlinista
821 2499 943 2572 optime:
964 2515 1021 2557 cur
1041 2500 1119 2558 enim
1140 2514 1199 2557 non
1220 2500 1359 2573 optimus,
1381 2515 1448 2558 cum
1469 2482 1732 2559 Bencldinistain

401 2603 512 2676 Arquis
525 2618 571 2661 me
584 2601 761 2671 timiditatis,
784 2607 813 2659 et
826 2606 905 2659 recte
925 2600 1060 2675 quidem:
1082 2602 1167 2660 timeo
1186 2601 1330 2675 siquidem
1352 2603 1460 2676 optimo
1477 2603 1522 2660 illi
1535 2603 1614 2672 uiro,
1639 2619 1698 2661 non

401 2704 481 2779 quod
493 2704 554 2762 'sim
576 2709 636 2762 tam
656 2703 790 2774 timidus,
819 2704 873 2776 qui
890 2701 1001 2761 Martis
1018 2702 1287 2775 suerim'satelles‚
1315 2704 1370 2763 sed
1390 2706 1461 2778 quia
1485 2706 1577 2777 lonpa
1599 2719 1696 2779 expe-

400 2808 510 2866 rientia
531 2806 687 2865 didicerim
708 2820 784 2863 auro
804 2806 938 2878 loquente
959 2811 1067 2864 cuncta
1089 2806 1185 2863 silere.
1229 2807 1314 2878 atqui
1332 2812 1361 2864 et
1381 2812 1408 2864 te
1428 2821 1542 2879 quoque
1563 2807 1701 2865 nonnihil

402 2911 504 2968 timere
526 2909 670 2980 intellipo,
702 2909 836 2981 quamuis
862 2908 904 2965 sis
926 2904 1127 2979 fortissimus:
1160 2909 1204 2966 sic
1224 2908 1302 2965 enim
1324 2907 1361 2965 de
1388 2909 1488 2965 uenali
1514 2910 1565 2966 illo
1593 2909 1699 2967 scribis

401 3010 537 3083 Decimo,
559 3017 592 3068 ut
612 3011 742 3068 maxime
756 3009 893 3067 dubitare
907 3009 1053 3081 videaris,
1075 3010 1208 3083 pirannis
1224 3014 1313 3067 antea
1334 3009 1412 3068 berra
1419 3023 1544 3084 sperare
1560 3012 1697 3074 iusseris:
1708 3031 1733 3070 ro

402 3127 555 3186 nunquam
577 3114 655 3171 enim
676 3111 720 3169 ad
738 3112 935 3169 innocentiam
955 3110 1156 3185 consupisseS,
1189 3113 1249 3170 nisi
1274 3114 1358 3170 illam
1386 3113 1483 3170 minus
1510 3119 1602 3170 tutam
1628 3112 1700 3185 sore
1734 3160 1736 3171 .

402 3213 630 3273 subdubitasses.
662 3214 789 3286 ¹Verum
810 3229 869 3271 non
890 3213 957 3272 ideo
975 3215 1071 3272 uirum
1093 3216 1232 3287 optimam
1248 3213 1499 3289 derelinquemus,
1516 3215 1571 3272 sed
1585 3217 1700 3273 cunctis

404 3312 514 3375 uiribus
535 3318 581 3375 illi
597 3331 685 3391 ,opem
705 3314 855 3387 fuemus,
877 3317 932 3373 etsi
952 3331 1010 3374 non.
1032 3317 1204 3389 ipnoramus
1227 3317 1332 3374 multos
1352 3316 1406 3374 sul>
1424 3319 1599 3375 innocentia
1617 3324 1700 3375 scuto

347 3437 366 3487 s.
373 3438 393 3482 u.
398 3422 536 3494 periisse.
580 3417 777 3492 Hopostratus
796 3432 863 3476 cum
884 3434 924 3498 ex
945 3420 1078 3491 capitulo
1092 3422 1151 3492 p'cr
1168 3417 1394 3491 Nnrenberpnm
1416 3420 1472 3476 iter
1486 3418 1622 3491 fecisset,
1645 3437 1699 3477 re-

402 3524 468 3580 tulit
488 3520 662 3595 quibusdam
684 3521 832 3586 silentium
854 3519 997 3578 ambabus
1017 3520 1156 3606 partibus
1176 3519 1319 3577 indictum
1340 3537 1411 3580 esse.
1452 3521 1485 3578 id
1504 3523 1533 3579 si
1552 3524 1594 3579 ita
1616 3530 1735 3592 essenos

402 3625 525 3684 victoria
547 3638 661 3697 quoquae
676 3628 779 3681 nostra
798 3624 954 3690 existeret·
975 3623 1101 3693 ostendit
1113 3622 1204 3680 obiter
1219 3620 1319 3693 breue,
1341 3629 1373 3681 ut
1386 3625 1555 3698 appellant,
1578 3631 1702 3698 aposto-

402 3730 508 3796 licum,
528 3741 587 3784 non
609 3730 706 3783 tamen
729 3727 759 3783 in
778 3723 882 3796 forma
898 3726 1063 3796 autentica,
1083 3739 1140 3798 quo
1153 3727 1448 3783 excommunicantur
1462 3732 1602 3796 ementes,
1625 3743 1701 3784 zien-

403 3830 505 3887 dentes
525 3833 554 3886 et
572 3830 701 3900 lepentes
724 3825 921 3885 obscurorum
943 3828 1074 3885 uirorum
1096 3828 1243 3900 epistolas.
1288 3825 1453 3885 Mutandus
1479 3829 1578 3900 itaque
1601 3829 1702 3886 titulus

402 3938 431 3988 et
450 3946 507 4004 pro
530 3928 678 3989 ‘obscuris'
701 3930 790 3987 ‘clari
807 3927 871 3987 riri
892 3936 981 3988 emant
998 3928 1192 3999 inscribendi,
1215 3935 1248 3987 ut
1261 3946 1368 3988 rursus
1384 3929 1540 3987 rrelutones
1555 3932 1703 4002 pecunias

403 4012 577 4105 dilapidare
597 4038 760 4105 copnntnr:
781 4034 873 4105 plane
893 4032 972 4089 enim
993 4030 1212 4103 confessisunt
1232 4033 1267 4091 ob
1288 4032 1373 4091 breue
1394 4032 1472 4089 illud
1485 4030 1558 4088 helle
1574 4046 1651 4090 nitro
1669 4050 1735 4091 seso

345 4150 390 4200 cs.
404 4138 552 4192 emunctos
578 4151 650 4192 esse.
694 4132 889 4206 Hopostratus
913 4136 992 4192 enim
1021 4133 1196 4207 quibusdam
1222 4137 1291 4193 aliis
1317 4150 1383 4193 curn
1410 4149 1476 4191 sero
1500 4134 1702 4207 applicuisset,

404 4250 516 4294 summo
538 4235 610 4293 abiit
632 4251 735 4303 marre,
756 4251 775 4292 a
799 4234 940 4307 quodam,
962 4241 995 4293 ut
1017 4236 1144 4295 insidias
1161 4244 1292 4307 caueret,
1310 4238 1523 4310 premonitus:
1548 4252 1650 4293 uerum
1666 4253 1703 4294 ne

402 4340 446 4397 sic
463 4338 580 4411 quidem
599 4337 871 4396 Reuclrlinistarum
886 4340 1026 4397 euasisset
1042 4354 1161 4411 manus,
1182 4340 1242 4397 nisi
1257 4338 1442 4397 Marcltionis
1456 4339 1538 4395 saluo
1555 4337 1703 4397 conductu

420 4525 497 4574 um.
531 4524 591 4572 1=
602 4522 715 4574 Pirckh.
729 4493 799 4588 opp.
814 4521 912 4584 (nan.
923 4523 991 4572 nior.
1002 4523 1040 4573 11⁰.
1048 4524 1101 4581 son
1119 4524 1243 4589 pessq.
1329 4524 1392 4572 a:
1408 4521 1578 4589 nigeuno.
1598 4523 1683 4573 nnn.

420 4627 447 4676 p.
464 4608 571 4659 92...94.
676 4607 1231 4674 3=Hutuntiincn11.p.33tt...341.
1279 4606 1684 4673 ct.nurekh.1.p.159.sq.

951 4710 977 4757 p.
993 4692 1049 4742 lot.
1069 4697 1117 4743 not
1135 4695 1153 4742 i.

471 4830 482 4862 ²
506 4830 726 4880 contemserint.
795 4827 969 4894 ⁹2t.1unii]
997 4828 1046 4880 Sic
1068 4846 1121 4880 nec
1144 4828 1254 4905 solebat
1271 4830 1423 4894 Egnatius,
1452 4829 1501 4878 sod
1516 4827 1643 4878 Clericus
1662 4830 1704 4879 itu

404 4930 498 4965 omncs
516 4915 622 4965 dierum
639 4915 826 4965 iudicationes
844 4916 982 4964 inmutare
1000 4915 1098 4965 solitus
1117 4914 1179 4963 tuit.

473 4998 493 5031 ¹⁶
510 5016 565 5053 uon
584 5000 655 5064 quod
667 5015 722 5049 uon
736 5003 760 5049 1.
813 4997 888 5048 bello
906 4998 1029 5048 Suiteusi
1047 4997 1271 5062 u.1499.gcsto,
1291 5000 1326 5049 ab
1345 5001 1405 5065 ipso
1418 4998 1530 5049 Pirckh.
1550 4998 1701 5063 descripto.

404 5082 426 5114 ²⁸
439 5088 534 5133 nostro
551 5089 621 5135 omis.
634 5087 659 5133 2.
670 5085 695 5132 3.
774 5080 869 5147 breve]
889 5083 915 5131 d.
929 5083 954 5131 rl.
971 5081 1011 5131 15.
1023 5084 1104 5132 Mart.
1120 5098 1145 5132 o.
1161 5081 1234 5132 1517.
