4067 6209
433 817 513 866 CLX.
534 832 617 865 cnorr
631 829 748 864 averem
762 829 798 863 an
811 804 958 863 unamnvri
971 827 1123 862 nvrnrrvrr
1136 827 1178 860 cr.
1194 827 1219 860 n.
1233 821 1267 861 ts.
1282 824 1344 860 nen.
1360 817 1419 858 ¹520.
1496 791 1573 864 339
1635 835 1639 842 ·

273 994 412 1048 liaeioncm
435 986 617 1046 acensacionis
640 995 832 1062 praecurrente.
878 1005 932 1061 qno
955 988 1009 1041 ritu
1032 1003 1103 1042 nune
1125 1002 1227 1041 omisso
1246 997 1301 1040 out
1330 1002 1435 1058 ignavia
1462 1004 1569 1042 accusa·

273 1077 361 1138 bitur,
388 1084 435 1132 ant
460 1075 616 1148 imprudens
640 1072 743 1128 malicia
765 1072 898 1146 prodetur
917 1072 1025 1127 mundo.
1070 1087 1153 1145 porro
1176 1070 1198 1125 si
1220 1068 1287 1123 nihil
1310 1070 1411 1126 babent
1429 1056 1636 1126 diffidunt-¹¹¹⁶·

272 1180 325 1235 qne
348 1161 406 1216 suis
430 1159 546 1220 iuribus,
579 1158 677 1212 iudicio
697 1158 816 1212 omnium
839 1157 982 1211 damnatus
1003 1173 1033 1211 es
1063 1164 1090 1210 tn
1114 1172 1168 1210 non
1189 1154 1394 1230 doctrinaliter⁸
1418 1155 1463 1209 sed
1486 1156 1568 1211 Lovo-

274 1246 396 1306 molitor,
424 1243 647 1318 quemadmodum
678 1250 706 1297 et
732 1241 826 1297 multis
854 1241 980 1297 innititlrr
1007 1240 1143 1313 pontificis
1166 1239 1268 1294 fulmen
1287 1239 1483 1301 Ronranaliter,
1512 1258 1567 1297 non

249 1329 506 1385 ⁵Cbristionaliter:
539 1336 603 1382 sunt
622 1328 693 1382 enirn
717 1326 793 1382 novis
814 1325 954 1381 erroribus
976 1342 1044 1380 nova
1066 1324 1243 1395 confingenda
1270 1323 1407 1380 vocabula.
1452 1325 1494 1379 sin
1514 1329 1637 1380 nonen.

272 1416 443 1488 scripserunt
465 1412 588 1486 allotted,
618 1420 745 1485 premunt
770 1420 859 1466 tamen
882 1420 996 1485 propter
1017 1426 1079 1465 curn
1103 1426 1182 1483 quem
1204 1417 1347 1483 expectant
1375 1427 1505 1466 sonorum
1528 1428 1570 1466 as·

272 1517 397 1561 sensum,
429 1516 483 1572 qno
511 1496 590 1552 simnl
620 1506 785 1570 proruentes
809 1494 981 1551 multitudine
1005 1503 1031 1549 te
1055 1494 1223 1567 opprimant.
1255 1511 1309 1567 quo
1330 1494 1444 1550 consilio
1464 1504 1521 1551 turn
1543 1498 1569 1552 in

272 1584 348 1639 ltalia
370 1592 425 1639 tnrn
450 1584 475 1637 in
494 1583 634 1637 Germania
658 1581 772 1637 multum
795 1579 951 1651 laboratur.
974 1580 1073 1634 iteruin
1096 1578 1122 1633 in
1145 1597 1174 1634 se
1196 1577 1230 1633 ob
1253 1596 1354 1634 moram
1372 1580 1570 1638 conlutaeinnis

272 1669 364 1724 mlivnn
385 1667 583 1726 coviciliabnnt,
615 1667 687 1740 quod
709 1666 809 1721 audent
832 1664 1014 1719 Christianum
1038 1663 1173 1719 bominem
1201 1662 1308 1736 publice
1336 1664 1463 1721 damnare
1487 1684 1567 1722 causa
1669 1723 1678 1735 ,

239 1762 327 1808 wnon
352 1752 458 1825 publice
481 1751 603 1825 probata.
647 1752 741 1806 Potest
762 1750 845 1805 eciam
869 1748 941 1808 sieri,
970 1757 1001 1803 nt
1023 1748 1089 1803 socii
1112 1756 1215 1804 mutata
1240 1749 1375 1804 sententia
1404 1749 1493 1805 nolint
1519 1753 1636 1812 do-§.rs

272 1838 380 1893 ctrinali
403 1836 572 1893 danmaeioni
592 1834 776 1896 subscribere,
803 1833 885 1889 veluti
910 1850 1005 1889 rumor
1028 1833 1061 1887 de
1083 1831 1302 1888 Erllurdensibns
1327 1835 1430 1889 nostris
1454 1836 1568 1893 circnm-

273 1924 369 1977 lertur.
413 1921 528 1995 llovpins
552 1928 625 1976 recte
647 1921 716 1993 apnd
740 1918 919 1974 lovanienses
948 1934 1088 1973 assensum
1112 1934 1191 1973 suum
1212 1916 1349 1980 collibuit,
1377 1919 1454 1975 euius
1475 1931 1567 1978 aueto-

273 2008 340 2062 ritas
362 2006 424 2079 plns
444 2005 542 2061 valebit
564 2004 634 2078 apnd
654 2005 776 2060 eruditos
796 2021 875 2077 quam
899 2002 985 2058 tocius
1007 2002 1089 2058 scolae
1110 2002 1245 2057 indicium.
1279 2003 1330 2059 Sed
1352 2004 1455 2060 utinam
1478 2007 1635 2066 minustm.

273 2091 439 2146 insanientes
468 2090 612 2164 aliqnando
640 2089 767 2151 ederent,
797 2106 851 2162 qno
881 2089 907 2142 in
935 2087 1062 2161 praesidio
1093 2088 1235 2160 scriptura·
1265 2087 1375 2144 lrivolas
1401 2106 1487 2162 nugas
1510 2101 1569 2149 tan·

241 2185 355 2249 taquam
383 2195 428 2231 vas
450 2172 525 2248 figuli
546 2173 734 2246 confringeres
756 2191 786 2228 ac
809 2173 942 2244 insignem
965 2170 1111 2227 stulticiam
1134 2170 1224 2244 gladio
1246 2172 1360 2245 spiritns
1383 2176 1468 2230 sancti
1491 2177 1569 2251 iugu-

273 2259 353 2314 lares.
396 2278 449 2317 non
478 2260 550 2315 enim
574 2258 622 2314 tibi
646 2260 700 2314 erit
722 2276 818 2330 magua
841 2257 868 2312 iu
886 2257 936 2312 boc
954 2256 1070 2329 negocio
1088 2255 1246 2318 difficultas.
1269 2257 1403 2332 simulque
1423 2269 1454 2316 nt
1474 2264 1569 2336 appin-

272 2361 353 2416 geres
375 2362 450 2400 snam
474 2344 653 2400 reverenciam
674 2341 899 2398 reverendissimo
921 2340 1056 2397 (lardinali
1078 2342 1250 2404 bertuscnsi‚
1281 2360 1360 2415 qnem
1384 2343 1435 2399 sibi
1456 2346 1568 2420 dignum

271 2429 448 2501 eoopnrnlum
474 2446 636 2502 caseumque
663 2428 732 2484 casei
755 2428 939 2510 invenerunt,
975 2414 1083 2482 οὑτωσὶ
1112 2414 1311 2501 σπερμολόγος
1338 2418 1431 2497 δειλός
1459 2448 1490 2486 τε
1517 2427 1569 2488 καὶ

270 2501 438 2583 οὐτιδανός.
484 2513 532 2569 Ubi
554 2512 640 2569 voluit
660 2513 828 2569 maiestatem
846 2511 967 2568 eeclesiae
989 2512 1088 2566 mnmlo
1110 2511 1261 2574 ostendere,
1282 2514 1322 2568 sic
1346 2512 1350 2585 Ι
1375 2508 1636 2595 lo-lsot.16·.§.ao.

235 2600 380 2672 seqnitur,
407 2617 467 2654 cnm
490 2598 622 2653 modestia
643 2598 710 2653 mire
732 2615 786 2653 non
809 2595 959 2652 intellecta:
990 2596 1082 2652 ‘lliror
1103 2595 1178 2653 valde
1200 2595 1271 2670 quod
1296 2597 1378 2655 homo
1404 2609 1456 2656 tam
1483 2603 1567 2658 mani·

273 2685 341 2739 teste
364 2693 473 2758 tamque
495 2682 670 2755 pertinaciter
691 2683 717 2736 in
737 2682 788 2737 {lde
810 2699 905 2737 errans
921 2688 949 2737 et
971 2698 1035 2736 suas
1055 2682 1174 2737 haereses
1191 2682 1264 2737 omni
1284 2700 1391 2757 qtmqnc
1413 2684 1567 2744 dill'nndens

272 2768 382 2841 impune
406 2776 498 2824 errare
523 2777 550 2822 et
572 2766 640 2826 alios
664 2767 690 2822 in
710 2766 958 2841 perniciosissimos
977 2783 1086 2821 errores
1109 2766 1180 2821 trabi
1203 2767 1319 2822 sinitur'.
1363 2768 1470 2826 Dixerat
1491 2773 1635 2844 priustsn.

272 2853 331 2926 pari
353 2853 484 2908 molestia
509 2851 582 2907 ‘Vide
607 2870 715 2908 errores
732 2852 859 2913 Lutberi‚
884 2852 929 2925 qni
950 2861 1089 2907 sanetum
1112 2850 1261 2926 palpabiles
1282 2851 1400 2909 haereses
1423 2854 1488 2910 milri
1510 2876 1567 2931 prae

272 2955 301 2991 se
324 2938 395 2993 lerre
416 2939 554 2998 videntur.
585 2945 615 2992 ut
638 2955 671 2992 ne
691 2936 841 3010 discipulus
864 2937 972 3012 quidem
997 2935 1142 3009 theologias
1163 2954 1194 2991 ac
1216 2937 1302 3010 prima
1332 2938 1390 2993 eins
1414 2937 1505 2997 limina
1528 2943 1567 2998 in·

235 3034 262 3072 as
272 3039 385 3093 gressus
409 3023 444 3078 ita
465 3021 517 3077 labi
542 3023 638 3077 merito
662 3022 813 3095 potuisset'.
857 3021 923 3089 Quis
942 3021 1013 3076 bunc
1036 3021 1288 3076 reverendissimum
1309 3022 1335 3077 ln
1357 3023 1465 3079 Christo
1484 3028 1635 3100 prod-§.ze¹

273 3105 392 3162 tebitnr?
430 3116 476 3162 aut
497 3106 619 3180 galerum
648 3108 707 3162 eins
739 3106 848 3162 lvrrribus
871 3107 1003 3162 nodosum
1032 3105 1072 3159 vel
1099 3123 1188 3179 syrma
1216 3104 1300 3176 longo
1329 3116 1417 3163 tractu
1446 3127 1461 3164 a
1488 3119 1566 3184 tergo

271 3190 345 3246 lrumi
368 3208 481 3265 serpens
505 3191 693 3247 venerabitur?
729 3191 790 3265 quis
813 3191 886 3247 ultro
906 3189 1080 3246 eurreolibns
1103 3199 1183 3262 atque
1206 3207 1256 3263 per
1279 3207 1308 3244 se
1336 3192 1489 3248 furentibus
1512 3196 1566 3251 eal·

270 3276 343 3330 caria
372 3277 491 3332 addidit?
529 3276 561 3332 Et
587 3294 648 3332 cum
675 3277 701 3331 in
732 3284 789 3332 tota
814 3275 929 3350 epistola
956 3276 992 3330 sit
1012 3275 1154 3335 sordidus.
1178 3272 1283 3336 illotus,
1309 3274 1464 3349 impudens,
1491 3277 1634 3344 levisnec.

272 3360 333 3415 imle
357 3370 445 3416 tamen
470 3361 551 3416 llores
573 3359 669 3433 legunt
688 3361 808 3433 Magistri
835 3361 922 3416 nostri
945 3360 1043 3431 dignos
1066 3358 1176 3414 naribus
1200 3359 1364 3433 sophisticis.
1410 3362 1467 3417 bec
1489 3365 1566 3437 eqni-

236 3446 332 3501 aodern
362 3446 413 3500 sibi
443 3446 657 3506 accommodant,
686 3446 738 3501 nisi
766 3445 800 3500 ab
825 3444 879 3500 illis
907 3445 1049 3518 acceperit.
1094 3452 1122 3498 et
1144 3462 1176 3498 ev
1196 3444 1248 3498 hoc
1269 3445 1382 3501 martiane
1407 3446 1565 3505 haereticum

272 3548 300 3585 se
323 3530 433 3603 prebat,
460 3530 532 3604 quod
562 3539 686 3604 parmnrn
716 3549 745 3585 se
772 3529 917 3604 profitetur
946 3531 1036 3601 ignem
1065 3538 1092 3584 et
1121 3536 1236 3584 mortem
1262 3547 1312 3602 pro
1334 3529 1388 3585 illis
1410 3532 1516 3596 subire,
1538 3544 1566 3591 et

271 3633 378 3670 omnem
400 3625 495 3672 contra
519 3616 669 3689 sapientem
692 3615 849 3670 namneum
872 3632 941 3669 esse.
985 3613 1084 3669 blultos
1106 3613 1203 3674 babes,
1223 3613 1349 3677 bladino,
1373 3618 1462 3673 socios
1485 3619 1511 3675 in
1535 3637 1564 3674 ea
1579 3633 1636 3684 §.et

272 3700 384 3761 haeresi,
405 3710 433 3755 et
454 3701 476 3754 si
500 3699 619 3756 torcular
641 3690 716 3755 solns
738 3699 824 3755 calces
843 3716 949 3759 verum.
969 3715 1049 3772 quam
1072 3696 1149 3753 rnnlti
1171 3696 1255 3753 velint
1277 3707 1365 3755 tecum
1387 3702 1476 3775 ignem
1502 3704 1566 3759 snb·

273 3784 325 3845 ire,
351 3794 417 3858 puto
441 3786 558 3859 pendere
576 3804 590 3840 a
610 3786 681 3841 dono
699 3783 813 3840 scelesti.
856 3784 999 3857 [lisputent
1015 3783 1086 3838 acuti
1106 3783 1229 3838 homines
1246 3784 1427 3859 ilarnnentque
1446 3797 1476 3843 ut
1490 3787 1565 3850 libet.

234 3882 404 3942 unusquam
430 3871 499 3943 apud
525 3888 566 3925 me
597 3870 623 3924 in
651 3870 761 3925 dubium
790 3869 930 3925 vocabitur
956 3867 1022 3941 quin
1045 3867 1132 3941 quivis
1155 3868 1309 3925 mortalium
1333 3869 1492 3928 iustificatos
1516 3891 1565 3947 per

270 3952 349 4008 fidem
372 3972 509 4010 aceessum
532 3954 629 4010 babeat
648 3955 680 4010 ad
702 3956 790 4010 denrn.
834 3953 961 4008 Exrrltent
985 3953 1036 4026 ipsi
1060 3971 1108 4007 sua
1131 3953 1330 4016 satisfactionm
1360 3972 1410 4011 nos
1428 3957 1474 4013 ubi
1495 3959 1634 4020 teca-raa

270 4038 355 4092 rimus
376 4039 465 4094 simnia
482 4056 550 4112 qliae
568 4039 647 4094 nobis
665 4040 786 4095 mandata
806 4047 882 4097 sunt.
902 4038 988 4093 adbuc
1007 4037 1117 4093 inutiles
1134 4038 1203 4093 servi
1220 4057 1327 4100 sumus.
1351 4040 1420 4106 nibil
1434 4042 1565 4100 habentes

270 4140 351 4195 quam
370 4124 442 4197 qnod
465 4124 551 4196 gratis
571 4125 731 4198 accepimns.
775 4124 900 4197 placeant
918 4122 969 4177 sibi
993 4122 1080 4178 saneti
1102 4122 1152 4177 viri
1175 4141 1224 4179 sun
1247 4125 1344 4180 merito
1367 4136 1394 4182 et
1414 4131 1564 4186 mercedem

269 4224 321 4279 pro
340 4207 418 4263 lactis
440 4208 594 4282 postulent,
621 4209 672 4283 ipsi
701 4209 842 4264 credentes
869 4209 895 4263 in
923 4226 984 4263 enm
1012 4208 1058 4281 qui
1086 4208 1200 4264 viviticat
1224 4209 1336 4284 impium
1360 4230 1391 4267 cx
1418 4213 1483 4276 bele,
1510 4233 1565 4271 am·

233 4308 261 4347 eo
271 4291 343 4364 plius
367 4301 394 4347 et
417 4311 431 4348 a
456 4310 534 4367 pmna
558 4301 585 4349 et
606 4313 620 4350 a
642 4293 721 4367 cnlpa
738 4293 816 4348 liberi
839 4311 958 4365 snmus„
987 4300 1085 4349 nutent
1105 4293 1156 4367 ipsi
1180 4294 1206 4349 in
1228 4295 1292 4356 nne,
1316 4314 1330 4351 a
1352 4299 1464 4354 remissa
1485 4300 1632 4373 culpator,

270 4386 428 4449 proponunt
452 4378 503 4432 sibi
527 4377 633 4451 erdpam
659 4396 707 4433 seu
731 4396 851 4452 pennam.
877 4396 957 4451 «priam
976 4396 1030 4433 non
1054 4377 1154 4451 linguae
1176 4389 1300 4441 centnm.
1323 4399 1425 4455 oraque
1446 4394 1563 4445 centnm.

270 4459 357 4515 terrea
376 4480 424 4517 vor
445 4464 580 4518 narrando
601 4462 708 4537 possint
725 4464 864 4537 consequi.
909 4462 988 4519 nobis
1007 4462 1160 4526 obliviosis.
1183 4465 1283 4538 quibus
1302 4475 1375 4522 recta
1394 4461 1565 4545 dillerencial

338 4639 349 4672 ²
366 4645 382 4703 ξ
398 4642 436 4708 ld]
451 4645 495 4694 cf.
510 4645 583 4699 infra
596 4645 683 4694 Menii
695 4659 767 4709 resp.
782 4645 817 4693 ad
830 4644 907 4694 Croti
922 4644 1031 4709 apolog.
1046 4644 1081 4693 od
1095 4660 1119 4693 a.
1136 4643 1209 4695 1532.
1222 4647 1237 4706 ξ
1251 4644 1354 4711 17.sqq.
1407 4646 1564 4697 tcnrisno-

270 4712 384 4792 inoliter]
405 4730 442 4777 ita
459 4731 534 4778 eod'
575 4726 593 4760 ¹¹
615 4729 648 4778 de
667 4730 734 4779 Ertl'.
749 4745 775 4778 n.
789 4727 925 4793 circumc]
945 4744 997 4776 nec
1016 4743 1103 4777 vanus
1122 4728 1169 4777 ille
1189 4730 1250 4778 fuit.
1305 4729 1326 4762 ¹⁷
1344 4731 1426 4781 Card.
1441 4731 1564 4797 Demus]

270 4812 296 4858 in
313 4827 447 4876 ceperano
467 4815 617 4863 Hadrianus
635 4815 689 4863 PP.
708 4814 756 4863 VI.
827 4812 848 4845 ¹⁸
872 4804 974 4862 οὑτωσὶ
992 4828 1018 4861 κ.
1032 4826 1055 4860 τ.
1069 4808 1105 4875 b]
1129 4813 1170 4861 ito
1187 4819 1306 4879 nugator
1329 4822 1371 4865 ost
1395 4822 1424 4865 et
1446 4818 1565 4882 ignavus

270 4894 427 4961 nulliusque
440 4899 533 4962 pretii.
552 4899 587 4961 cs.
600 4902 712 4964 interpp.
726 4900 762 4947 ad
772 4898 851 4948 Iliad.
865 4899 889 4947 I.
905 4900 967 4947 293.
988 4898 1082 4947 areca
1098 4899 1216 4947 mendose
1233 4901 1290 4949 eod,
1303 4900 1388 4950 debet.
1439 4898 1462 4932 ¹¹
1474 4916 1565 4965 syrmo

269 4978 351 5043 longe
369 4983 426 5030 aaa
480 4982 502 5013 ³³
521 4983 565 5033 cr.
579 4984 662 5033 lsaiae
675 4983 776 5033 nxnr.
790 4981 814 5031 a.
868 4981 889 5013 ω
907 4979 1030 5049 impium]
1050 4960 1134 5051 ὧι
1147 4985 1206 5033 coa,
1225 4984 1269 5033 cf.
1284 4984 1361 5034 rani.
1382 5001 1424 5049 ep.
1439 4986 1563 5036 annom.

269 5062 315 5113 IV.
329 5064 354 5113 5.
418 5063 438 5096 ¹¹
458 5072 613 5132 proponunt
630 5069 686 5116 cod.
740 5065 860 5132 eentum]
880 5066 1399 5135 Verg.(}eorg.ll.43.Aen.Vl.625.
1451 5069 1565 5120 ⁴¹matr'm

268 5161 320 5197 nee
340 5149 432 5199 terrea
449 5166 475 5201 v.

1281 5236 1346 5296 22*
