4067 6209
376 753 378 758 ’
405 743 469 816 144
673 757 772 808 XXVI.
797 771 920 807 nvrrnru
932 771 970 808 an
982 773 1075 808 mcor.
1090 773 1178 808 rvcns
1191 774 1234 808 nr·
1248 775 1274 810 n.
1291 767 1389 811 ttrrrt.
1404 767 1462 809 tttt.

419 929 494 988 diuis
516 934 658 1006 praeterea
687 946 753 988 curn
782 943 846 987 esse
868 926 1069 987 Francolordii
1097 926 1177 987 illum
1209 936 1238 989 et
1265 928 1351 990 simul
1374 929 1552 1007 Capuioucm
1581 947 1616 988 ac
1637 926 1711 987 ller-

395 1049 559 1116 'manuum
582 1029 742 1089 anchium
765 1026 969 1097 intellexisset,
999 1028 1186 1106 cupidissime
1215 1049 1249 1090 eo
1278 1032 1436 1099 concessit;
1470 1029 1576 1091 accidit
1602 1036 1711 1097 tamen,

419 1139 532 1193 utnon
555 1131 667 1192 videret
690 1130 858 1191 Erasmum:
886 1147 954 1190 nam
977 1143 1036 1208 quo
1059 1131 1105 1191 die
1127 1131 1325 1201 Socraticum,
1349 1140 1381 1193 ut
1403 1132 1465 1210 ipse
1487 1130 1618 1198 terebat,
1641 1146 1711 1190 con·

418 1234 523 1294 rivium
546 1232 719 1311 apparabat,
749 1240 905 1321 vocaturus
931 1233 1098 1312 quicunque
1120 1234 1184 1293 istie
1206 1233 1348 1311 politioris
1370 1233 1527 1295 literaturae
1549 1239 1713 1293 assertores

421 1341 532 1404 esseut,
561 1333 665 1394 morbo
694 1333 797 1395 calculi
818 1334 996 1411 praepeditus
1018 1342 1063 1395 est
1089 1343 1117 1394 et
1139 1335 1214 1395 sorte
1235 1337 1368 1413 sequenti
1391 1335 1438 1396 die
1469 1335 1539 1396 abiit
1560 1334 1736 1395 Erasmuss

351 1437 498 1499 tauundc
520 1435 590 1495 mibi
613 1437 782 1497 succensuit
802 1441 913 1515 postea,
936 1436 995 1514 qui,
1019 1435 1095 1497 illius
1117 1437 1227 1498 abitum
1249 1438 1415 1515 praesciens,
1438 1456 1498 1498 uon
1521 1438 1711 1505 monuissem,

420 1556 455 1599 ac
477 1537 675 1616 ‘Dispeream',
699 1538 800 1616 inquit,
825 1538 858 1596 ‘si
873 1555 1003 1616 unquam
1027 1537 1175 1599 molestior
1197 1540 1268 1600 mibi
1291 1538 1420 1600 calculus
1442 1540 1504 1608 luit,
1528 1536 1712 1617 hospitaliter

350 1649 408 1700 tto.
420 1648 577 1718 accepturo
601 1659 667 1701 eum
690 1640 801 1707 virum,
833 1656 891 1717 quo
922 1640 1062 1701 maiorem
1090 1658 1149 1700 non
1178 1641 1267 1702 babet
1294 1641 1469 1702 Germania!
1512 1640 1591 1701 lnter
1621 1638 1711 1701 collo·

419 1741 569 1821 quendum
591 1759 659 1802 cum
681 1741 718 1802 de
740 1740 886 1822 equitibus
908 1741 1062 1802 Germanis
1083 1759 1250 1803 sermonem
1273 1760 1359 1803 orsus
1386 1742 1496 1802 ‘nostri’
1523 1742 1636 1802 ordinis
1653 1730 1711 1801 ¹ho·

419 1845 513 1905 mines
534 1844 679 1913 dixissem,
704 1842 839 1904 ‘Utriusl'
868 1844 920 1912 ait,
953 1843 1117 1921 intercepto
1139 1862 1291 1914 sermone,
1326 1843 1479 1922 ‘equestris
1506 1861 1544 1903 an
1571 1841 1747 1902 literariitu

349 1958 407 2008 tu.
418 1963 486 2006 nam
509 1934 596 2007 huius
618 1953 647 2006 et
669 1944 744 2006 illius
766 1945 887 2006 sumus!
931 1945 962 2005 Si
976 1964 1063 2023 quem
1079 1963 1115 2004 er
1129 1946 1326 2023 optimatibus,
1349 1946 1398 2024 qui
1413 1944 1512 2006 literas
1527 1962 1586 2004 non
1600 1950 1710 2013 nosset,

418 2046 531 2108 laudari
553 2047 818 2116 animadvertisset,
852 2046 939 2106 buius
960 2047 1053 2106 atatis
1075 2065 1139 2107 esse
1161 2046 1279 2118 aiebat,
1307 2066 1403 2127 neque
1433 2047 1510 2107 enim
1540 2064 1605 2124 quae
1627 2045 1712 2123 prius

350 2159 368 2208 t.
376 2160 407 2204 tt.
418 2157 481 2209 acta
503 2156 572 2209 sunt
592 2150 683 2218 scire,
715 2166 812 2226 neque
833 2149 1010 2226 posteritatis
1032 2149 1175 2208 rationem
1198 2148 1316 2211 babere.
1371 2149 1451 2210 Petro
1478 2149 1564 2210 etiam
1587 2146 1711 2208 moleste

418 2251 546 2320 terebat,
569 2251 593 2310 si
616 2250 680 2329 quis
701 2269 718 2310 a
740 2251 813 2311 senii
835 2249 1041 2328 praedicatione
1064 2250 1299 2312 commendasset
1320 2252 1503 2331 quempiam,
1527 2256 1596 2308 ‘tam
1619 2246 1710 2309 breri'

416 2353 551 2432 inquiens
580 2359 723 2428 ‘ternpore
752 2353 848 2412 omnia
871 2351 997 2412 didicit‘l'
1026 2350 1101 2412 Olim
1130 2352 1199 2412 item
1228 2350 1381 2413 iactantius
1411 2370 1444 2413 ea
1466 2369 1500 2412 re
1522 2350 1656 2411 eiierenti
1677 2365 1742 2410 sera

417 2455 532 2515 cuidam
554 2453 674 2513 blarcbo
697 2453 787 2530 equiti
809 2452 975 2530 respondit,
999 2452 1126 2514 duomm
1148 2462 1198 2513 aut
1219 2455 1309 2515 trium
1331 2452 1442 2514 milium
1466 2470 1626 2521 annorum,
1649 2469 1709 2512 non

417 2555 598 2633 septuaginta
621 2560 671 2613 aut
693 2554 857 2631 octuaginta
879 2555 992 2615 senium
1015 2572 1149 2631 quaerere
1170 2573 1217 2623 se,
1241 2554 1276 2615 ad
1299 2554 1450 2616 literarum
1472 2553 1613 2615 beneficia
1637 2551 1708 2613 allu-

246 2703 253 2716 .
349 2657 499 2717 tradens.
544 2653 699 2734 Nunquam
728 2671 787 2715 nou
815 2656 891 2716 inter
919 2655 1109 2733 equitandum
1138 2674 1180 2716 ex·
1196 2656 1371 2718 doctissimis
1399 2655 1525 2736 aliquem
1556 2653 1710 2716 autoribus

416 2777 518 2819 secum
547 2756 663 2826 habuit,
698 2775 794 2835 neque
821 2758 885 2817 sine
911 2755 994 2817 libris
1021 2757 1127 2817 vidisse
1153 2758 1287 2828 memini,
1320 2757 1445 2819 alterum
1473 2758 1530 2818 boo
1557 2773 1708 2818 armorum

416 2877 510 2939 genus
531 2856 742 2936 appellantem:
771 2859 800 2919 in
822 2857 915 2918 soluta
939 2859 1071 2918 oratione
1094 2857 1196 2918 dilexit
1217 2858 1343 2929 Livium,
1374 2877 1409 2920 ex
1431 2859 1526 2937 poetis
1547 2866 1615 2936 post
1637 2857 1740 2918 Ver-ar

417 2960 517 3039 gilium
537 2960 655 3021 Lucano
678 2959 766 3020 dabat
788 2977 917 3037 operam,
941 2959 1024 3023 cuius
1047 2977 1149 3020 omnes
1173 2964 1319 3021 orationes
1341 2979 1375 3021 ac
1398 2959 1544 3039 catalogos
1566 2960 1708 3020 memoria

347 3079 405 3128 §.at
418 3062 675 3141 complectebatur.
728 3062 800 3122 Cum
823 3060 941 3139 quidam
964 3079 998 3120 ex
1022 3061 1115 3121 doctis
1137 3061 1238 3122 adiens
1260 3061 1341 3124 illum
1364 3069 1476 3130 oraret,
1506 3079 1543 3122 uc
1566 3062 1624 3122 lroo
1644 3079 1708 3121 mo-

347 3163 489 3232 rtalcste
510 3165 673 3242 acciperet,
702 3163 849 3223 neminem
871 3164 991 3223 doctum
1013 3162 1168 3223 molestum
1191 3163 1245 3223 sibi
1268 3183 1333 3226 esse
1354 3163 1478 3225 dicebat.
1522 3163 1588 3223 Non
1617 3161 1708 3223 semel

415 3267 486 3327 mibi
510 3264 678 3326 lamiliarius
700 3264 855 3325 conterens
878 3264 971 3325 lassus
995 3272 1040 3325 est
1060 3266 1203 3342 poenitere
1225 3284 1258 3326 se
1286 3266 1364 3345 quod
1393 3283 1522 3343 uuquam
1549 3265 1610 3325 suis
1637 3281 1708 3325 con·

414 3368 485 3428 siliis
518 3367 680 3429 induxisset
707 3366 888 3427 loachimnm
915 3364 1113 3426 blacchionem
1141 3367 1177 3427 ad
1206 3368 1412 3429 instituendam
1441 3364 1742 3427 Francolurdienscaa

415 3471 607 3550 gymnasium,
630 3469 767 3548 quoniam
790 3469 826 3529 ab
849 3468 972 3529 indoctis
995 3467 1088 3528 doctis
1109 3468 1269 3547 possideri,
1299 3487 1357 3528 non
1385 3488 1401 3528 a
1424 3468 1527 3528 Graece
1555 3474 1585 3526 et
1606 3467 1709 3528 Latine

346 3573 550 3642 traorurlitis,
584 3578 617 3632 ut
643 3572 706 3649 ipse
732 3571 947 3649 proposuisset,
981 3567 1074 3630 excoli
1101 3577 1244 3631 cerneret.
1288 3569 1450 3648 Aliquando
1478 3569 1613 3647 aperiens
1643 3586 1708 3630 rer·

414 3674 501 3734 bosas
522 3674 673 3734 cuiusdam
695 3671 877 3750 theologistae
899 3671 935 3731 ad
957 3688 990 3732 sa
1008 3669 1122 3739 literas,
1144 3670 1220 3732 lecto
1242 3672 1272 3731 in
1294 3669 1466 3732 salutatione
1487 3669 1564 3731 illius
1578 3671 1709 3740 nomine,

414 3777 460 3836 cui
483 3775 663 3852 adscriptum
686 3781 749 3835 erat
771 3784 871 3834 ‘sacrae
893 3771 1048 3850 theologiae
1070 3772 1191 3843 doctor',
1220 3773 1344 3835 ‘Utinam
1368 3773 1471 3834 doctus
1493 3771 1591 3840 esses’,
1613 3772 1710 3850 inquit

413 3877 590 3955 dimovitque
612 3874 648 3936 ab
677 3894 724 3944 se,
758 3893 817 3935 non
840 3893 904 3936 esse
931 3875 1023 3935 otium
1051 3874 1168 3944 dicens,
1202 3883 1235 3935 ut
1262 3873 1409 3954 pellegere
1438 3874 1530 3953 possit
1556 3872 1744 3936 illiteratasao

346 3986 365 4036 t·
373 3987 405 4030 ⁴⁷.
415 3976 531 4045 literas,
555 3984 584 4038 et
598 3995 647 4037 eas
663 3984 722 4037 tam
736 3976 936 4055 arroganteis.
971 3975 1102 4054 fugiebat
1123 3976 1200 4036 enim
1223 3978 1396 4055 arrogantia
1417 3976 1595 4054 opinionem,
1618 3982 1709 4055 atque

415 4078 503 4155 igitur
535 4097 550 4137 a
574 4078 688 4139 Caesare
710 4076 904 4138 Maximiliano
932 4064 1051 4155 accepta
1079 4076 1177 4137 laurea
1204 4077 1346 4139 sdutatus
1374 4078 1491 4138 ‘Orator
1519 4085 1547 4137 ct
1567 4076 1708 4138 iurecon-

414 4177 516 4239 sultus’
539 4196 598 4238 non
619 4177 716 4238 solum
739 4196 798 4239 non
820 4180 971 4258 usurparit
992 4180 1055 4256 ipse
1076 4178 1131 4240 hos
1154 4170 1266 4249 titulos,
1289 4179 1341 4240 sed
1365 4187 1394 4240 et
1415 4180 1524 4239 lactum
1546 4177 1583 4238 ab
1605 4180 1710 4240 amicis

344 4291 402 4343 tta.
415 4281 471 4341 boc
493 4279 658 4342 accusabat.
695 4277 784 4340 Recte
807 4281 943 4357 pictatem
966 4279 1095 4350 colebat,
1119 4282 1356 4359 superstitionem
1379 4299 1486 4341 exosus
1501 4281 1707 4343 intensissime.

414 4382 502 4443 Forte
529 4383 645 4442 lortrma
672 4381 854 4442 ooeuantibus
876 4382 961 4442 nobis
983 4382 1020 4443 de
1043 4381 1130 4442 Croto
1153 4382 1304 4453 bubiano,
1327 4384 1446 4462 quicum
1468 4382 1539 4442 milri
1561 4401 1578 4442 a
1600 4384 1740 4460 primissa

413 4475 506 4563 usqne
528 4484 611 4544 annis
634 4483 815 4544 consuetudo
838 4483 892 4545 luit
922 4483 1092 4562 singularis,
1125 4484 1227 4545 incidit
1253 4503 1368 4553 sermo,
1403 4502 1530 4563 cumque
1558 4483 1598 4544 illi
1628 4486 1709 4545 varie

412 4585 650 4647 commendarem
672 4593 802 4648 veterem
816 4586 943 4647 amicum
960 4592 989 4646 et
1007 4586 1145 4647 ‹linissem
1164 4587 1241 4648 inter
1261 4594 1365 4647 caetera
1388 4585 1538 4664 obliquum
1554 4587 1584 4645 in
1602 4603 1708 4665 super·

479 4832 701 4884 ¹Francoiurdii
714 4835 738 4882 2.
747 4834 773 4881 3.
799 4830 842 4882 Cf.
855 4832 964 4882 Erasini
977 4830 1079 4898 Spong.
1092 4830 1183 4893 §.att
1251 4830 1274 4864 ¹⁰
1290 4829 1437 4896 Virgilium
1446 4833 1472 4880 2.
1481 4832 1507 4881 3.
1577 4830 1597 4863 ²¹
1617 4831 1706 4885 etfl-

411 4914 433 4948 ²⁵
450 4918 730 4968 Francoiurdiensem
743 4906 870 4966 Scholam
885 4914 932 4966 3¹¹.
984 4915 1006 4949 ²⁰
1024 4916 1173 4983 possideri,
1187 4917 1260 4967 hanc
1272 4933 1326 4966 nou
1341 4919 1366 4966 3.
1419 4915 1441 4948 ²⁹
1458 4920 1573 4978 Doctor,
1590 4920 1706 4982 rectius,

412 5001 514 5065 inquit,
533 5002 631 5053 doctus
649 5016 737 5065 esses,
758 4998 805 5051 3¹¹.
857 4985 882 5035 '³⁰
899 5001 1027 5068 perlegat
1041 4999 1089 5052 3¹¹.
1146 4999 1167 5032 ³¹
1187 5001 1236 5066 fug
1297 5000 1463 5068 opinionem]
1481 5002 1616 5052 Inimicus
1633 5004 1707 5055 anim

413 5089 474 5134 erat
491 5101 559 5149 orn,
579 5088 658 5138 euius
674 5103 718 5153 op.
736 5086 771 5138 do
788 5102 819 5138 aa
837 5087 966 5154 fugiebat
981 5088 1082 5138 studio.
1097 5083 1146 5137 ³¹¹.
1215 5085 1238 5118 ³⁵
1255 5086 1333 5155 mihi]
1346 5093 1378 5139 ut
1390 5088 1460 5152 scia,
1478 5089 1539 5138 adet
1554 5083 1604 5140 3⁸.
