4067 6209
467 753 538 823 140
598 762 703 816 ἹιῙῙΠ.
723 780 846 817 avortit!
859 779 896 815 AD
909 780 989 815 CARD·
1005 779 1172 814 nAnmAuvtr
1185 780 1238 814 PRO
1252 778 1391 814 cnruloun
1406 771 1599 813 lursncssstssO.

1258 860 1267 892 Ι

616 935 763 1013 Contingit
784 936 921 1013 proprios
943 941 1100 1012 patronum
1123 953 1209 994 orare
1232 934 1359 1002 clientes

687 1036 730 1096 Ah
753 1054 822 1114 age,
846 1056 910 1115 qnee
932 1043 982 1096 tue
1005 1042 1073 1096 sunt
1095 1037 1208 1114 aspice,
1232 1054 1336 1114 magne
1358 1044 1451 1112 puter.

616 1139 707 1200 Causa
731 1138 839 1216 gravis,
862 1138 958 1198 scetus
980 1143 1025 1197 cst
1046 1139 1149 1215 ingens
1170 1139 1332 1216 ingensque
1354 1137 1514 1215 pericinrn;

561 1263 586 1302 cn
686 1239 729 1300 Ne
751 1246 906 1300 contemne
929 1229 1012 1299 dates
1034 1257 1088 1317 pro
1112 1239 1260 1317 Capnionc
1281 1257 1402 1317 preces:

616 1342 671 1412 Qui
693 1342 776 1418 siqua
798 1341 940 1401 occiderit
962 1340 1050 1420 (quod
1073 1331 1246 1420 eborninort,
1270 1343 1376 1402 occidit
1397 1360 1455 1402 una
1536 1385 1539 1390 -

687 1442 855 1503 Teutonicae
878 1444 972 1521 gentis
994 1442 1043 1502 lux
1067 1444 1227 1521 patrieque
1249 1443 1348 1504 decus,

616 1546 772 1622 Interpone
794 1562 930 1614 monum,
954 1563 1038 1604 serra
1060 1544 1215 1622 lucemque
1239 1545 1387 1622 decusque

548 1669 572 1707 ru
685 1646 784 1706 Terrae
807 1647 868 1706 eius
891 1665 956 1725 quen
977 1653 1006 1705 te
1029 1647 1136 1723 gaudet
1159 1646 1268 1723 habere
1291 1654 1413 1724 putrent.

616 1748 691 1818 Quid
713 1747 792 1825 quod
814 1748 1008 1825 Hogostratus
1031 1756 1132 1807 contra
1155 1750 1279 1825 patriani
1303 1749 1532 1825 imperiumque,

687 1850 766 1910 Proh
788 1850 916 1918 iacinuS,
940 1848 1014 1908 catti
1037 1848 1147 1927 ssogitet
1169 1851 1261 1909 hostis
1284 1851 1391 1927 operui

616 1942 739 2029 Flagitnt
760 1951 852 2010 hostis
874 1968 975 2028 opem,
999 1969 1053 2009 uos
1076 1959 1178 2011 eontra
1201 1969 1319 2011 oranius
1342 1952 1443 2020 arnici;

547 2074 572 2113 cs
684 2053 853 2130 [tispereain
876 2052 991 2130 siquid
1014 2053 1118 2112 iustius
1141 2071 1204 2112 csse
1226 2060 1338 2131 potest:

616 2155 676 2214 Nos
697 2145 815 2214 sertore
837 2154 926 2213 decus
949 2154 1051 2231 patrie¹
1073 2172 1228 2223 conamur,
1252 2154 1300 2214 hic
1322 2154 1410 2215 audet

687 2255 720 2315 ln
742 2256 843 2332 patrie
865 2255 962 2315 clades
983 2255 1095 2316 hostica
1118 2273 1208 2333 regne
1232 2257 1323 2333 sequi.

616 2356 700 2427 Quod
723 2358 795 2434 petit
816 2357 955 2417 iniustum
978 2364 1037 2425 est;
1061 2357 1177 2435 quidsi
1200 2376 1318 2435 qnoque
1340 2358 1415 2417 insta
1438 2355 1577 2433 petisset?

548 2481 573 2519 rr
685 2457 791 2534 Debuit
813 2458 898 2527 inec„
914 2458 965 2518 sed
988 2477 1048 2518 non
1070 2458 1171 2520 debuit
1193 2459 1222 2518 in
1244 2459 1387 2535 patriam

616 2559 738 2628 desere,
761 2560 785 2618 si
808 2561 963 2639 quicquain
987 2561 1094 2620 meruit
1115 2559 1205 2629 mele,
1229 2560 1333 2620 desere
1354 2577 1410 2636 pro
1433 2577 1490 2637 quo

687 2660 771 2727 Nunc
794 2680 864 2739 ego,
888 2662 1037 2722 contendit
1060 2680 1132 2740 gens
1153 2661 1313 2722 Alernennn
1335 2663 1431 2739 prius

616 2763 659 2831 Et„
674 2780 729 2840 pro
752 2780 811 2840 quo
833 2765 924 2823 oravit
945 2764 1033 2823 toties
1053 2774 1083 2824 te
1106 2762 1203 2823 Cesar
1225 2764 1335 2832 ornico;

548 2885 573 2926 rc
685 2864 775 2924 Snnre
797 2882 892 2932 ineos,
908 2866 1017 2942 ¹petrin,
1039 2864 1245 2943 deserensque
1266 2883 1379 2943 preces.

616 2967 723 3026 Contra
746 2967 809 3025 iure
833 2973 929 3026 metus
951 2966 1023 3026 nihii
1046 2974 1104 3035 est,
1129 2968 1233 3028 iniuste
1255 2968 1392 3026 tinternns

685 3067 809 3146 Vimque
830 3069 906 3129 hanc
929 3075 958 3128 et
979 3087 1045 3147 qnae
1066 3087 1121 3128 nos
1143 3070 1267 3129 contrait
1289 3070 1332 3128 ira
1355 3075 1467 3145 potens.

616 3171 717 3230 Miscet
738 3170 932 3247 Hogostratus
954 3170 999 3230 ias
1021 3188 1108 3229 ornne
1125 3171 1271 3249 nctesque
1293 3188 1347 3248 per
1369 3176 1478 3237 artern,

547 3294 573 3334 eo
684 3271 817 3349 lienique
839 3271 913 3331 odeo
935 3272 1011 3349 gerit
1033 3271 1109 3330 henr.
1131 3271 1284 3349 largitione
1306 3271 1416 3349 petoni:

615 3374 658 3434 Ne
681 3380 769 3452 quent
790 3373 920 3432 insontes
942 3373 1058 3432 inimica
1080 3375 1215 3461 potentia,
1232 3393 1330 3435 rnores

553 3546 555 3549 y
687 3475 821 3535 Oluuere
844 3481 872 3534 et
893 3492 985 3535 uacuo
1008 3474 1119 3534 frondis
1141 3474 1247 3535 obesse
1268 3476 1345 3542 viro,

615 3577 671 3637 Per
693 3584 722 3636 te
744 3578 813 3636 istus
835 3595 955 3636 cronius
977 3594 1064 3654 opes,
1087 3594 1142 3653 per
1164 3576 1307 3638 Cursorem
1330 3578 1456 3636 enricum

547 3698 572 3738 er
684 3678 720 3737 Et
741 3696 795 3756 per
817 3680 941 3738 tortunae
963 3676 1114 3755 splendida
1138 3679 1214 3738 dona
1235 3686 1309 3765 ture,

615 3781 671 3841 Per
694 3780 784 3839 deciis
807 3787 836 3840 et
857 3787 963 3840 sunctae
986 3781 1144 3857 rerigentia
1167 3782 1272 3840 interlin
1295 3780 1405 3848 lionuc,

687 3881 790 3941 Persi
813 3882 881 3959 quid
905 3881 996 3941 Rome
1020 3882 1148 3942 secretius
1172 3900 1235 3942 esse
1258 3888 1363 3959 potest,

615 3983 731 4060 Perque
751 3990 832 4042 tuorn
856 4002 943 4061 quani
965 4000 1025 4042 uon
1048 3984 1140 4043 nescit
1162 3983 1319 4043 Germania
1341 3982 1466 4050 laudern,

561 4104 586 4143 sc
685 4084 742 4143 Per
765 4084 844 4161 quod
865 4091 895 4143 tc
917 4090 1030 4144 tanturn
1054 4084 1175 4161 protulit
1196 4085 1355 4162 ingenium,

617 4185 741 4244 insontis
762 4185 903 4247 miserere
925 4186 1029 4254 enimi,
1053 4186 1194 4245 miserere
1215 4194 1344 4256 tuorunr,

687 4285 730 4345 Nc
748 4286 849 4346 ‘miuus
872 4287 940 4346 hinc
963 4287 1118 4365 quisquam
1140 4288 1267 4365 gaudeat
1289 4308 1354 4349 esse
1376 4295 1452 4348 tuus.

616 4388 707 4448 Unius
728 4405 847 4447 oremus
869 4388 955 4448 vitem
979 4389 1125 4466 uniusque
1147 4389 1281 4461 salutern,

561 4512 586 4551 oe
687 4489 744 4549 Sed
767 4490 815 4549 cni
837 4488 997 4553 rnrdtornnr
1020 4491 1109 4549 mixtu
1132 4490 1240 4568 pericle
1263 4492 1359 4551 rides:

616 4591 673 4651 Aut
695 4590 794 4651 multis
816 4592 871 4650 erit
894 4599 995 4669 erepto
1020 4590 1169 4669 Cepnione
1189 4593 1367 4669 triumphus,

689 4694 746 4753 Aut
768 4694 842 4755 ricto
866 4694 894 4753 in
917 4692 1026 4754 multos
1048 4694 1165 4770 ingruet
1186 4693 1234 4753 ille
1257 4693 1350 4753 dolor.

616 4793 754 4873 Quisquis
776 4794 812 4852 ah
835 4795 953 4872 ingenio
975 4796 1118 4854 victurarn
1141 4814 1275 4873 quaerere
1297 4797 1404 4856 inruant

561 4917 586 4956 oe
685 4897 743 4956 Aut
764 4893 872 4973 aliquid
895 4896 1006 4957 studuit
1027 4895 1121 4957 laudis
1143 4885 1179 4956 ab
1203 4904 1266 4957 arte
1288 4897 1374 4967 bona,

534 5043 1086 5147 ⁰⁵Hogoitrettus1.2.etsicv.79.tternm.
1140 5078 1253 5147 docili]
1266 5083 1415 5134 Francisci
1426 5086 1447 5134 1.
1467 5085 1506 5147 Os.
1515 5084 1584 5148 Eup.
1593 5083 1621 5133 O.
1634 5086 1666 5133 V.
1674 5083 1710 5134 11.
1722 5083 1760 5133 12.
