4067 6209
443 745 456 814 1
470 743 514 813 14
559 756 683 807 xxxvl.
701 764 723 804 2.
736 771 799 805 son.
814 770 895 815 nessi
909 769 1064 805 nnssousw
1078 769 1207 805 mmm.
1221 770 1257 804 un
1271 769 1393 804 ussunus
1407 771 1497 805 nuiss.
1512 772 1625 808 tursum.

589 926 730 1001 Cepimus
748 933 777 985 et
792 925 926 985 turbasse
940 941 1056 999 comus,
1073 928 1207 1001 posuisse
1223 928 1360 999 nitorem,

551 1051 563 1089 ⁴
664 1029 725 1086 Nec
743 1043 861 1102 perumu
882 1028 989 1101 diuites
1010 1032 1139 1104 amplius
1158 1046 1221 1087 esse
1239 1034 1366 1101 brunes?

593 1130 632 1189 In
649 1146 702 1188 nus
722 1131 860 1188 euusuris
880 1132 1022 1202 neplectoe
1039 1132 1167 1190 crimine
1185 1130 1310 1203 smmce,

667 1232 706 1289 Et
725 1233 847 1289 nimium
867 1232 947 1290 leutn
968 1232 1073 1291 scribis
1094 1233 1195 1291 ubesse
1216 1248 1316 1296 morus

594 1332 720 1405 Scribis,
746 1338 778 1390 ut
798 1333 845 1390 bis
866 1335 947 1391 euris
968 1336 1020 1391 uin
1039 1338 1135 1408 possis
1155 1351 1241 1422 uepru
1262 1337 1370 1408 leuari,
1421 1391 1431 1406 ,

552 1456 565 1493 s
665 1435 705 1492 Et
725 1435 885 1508 desperata
901 1451 982 1509 pene
1000 1438 1096 1495 suiulc
1116 1439 1200 1496 mori.

594 1536 629 1596 Si
649 1552 708 1610 qun
722 1534 786 1606 suit
801 1538 891 1609 quum
909 1552 961 1595 nus
980 1539 1070 1596 uelles
1090 1541 1202 1598 misisse
1223 1541 1361 1611 sulutem,

666 1639 805 1712 Despice,
823 1655 903 1697 nunc
918 1641 1052 1713 primum
1069 1648 1113 1700 est
1128 1643 1180 1699 illu
1199 1641 1332 1714 serenda
1353 1641 1420 1700 tibi:

595 1742 671 1799 Num
692 1749 743 1799 tuu
763 1742 806 1799 sic
822 1741 953 1799 animum
973 1744 1119 1816 permovit
1135 1744 1258 1816 epistole
1280 1750 1426 1815 nostrum,

542 1863 566 1902 12
670 1841 706 1901 Ut
716 1846 864 1917 pluceunt
885 1843 1077 1917 uniloquam
1101 1846 1184 1904 stitus
1201 1861 1289 1903 urmu
1307 1848 1421 1925 meeis·

595 1944 633 2002 Et
654 1945 706 2003 libi
725 1961 783 2003 nun
799 1945 904 2005 eudem
924 1948 1003 2004 ratio
1022 1953 1078 2017 est,
1098 1963 1153 2005 nee
1173 1949 1247 2006 uelle
1267 1949 1391 2020 uideris,

670 2047 805 2120 Quisquis
823 2053 855 2105 ut
875 2047 1023 2121 afflictum
1040 2049 1144 2107 liberet
1165 2049 1302 2112 Italiam:

596 2150 655 2209 Nus
674 2165 790 2221 nepem,
813 2155 845 2207 ut
866 2150 962 2215 decet,
984 2152 1121 2223 npnuscis
1143 2151 1350 2224 <luminumque
1367 2150 1492 2222 suteris,

542 2271 566 2311 m
608 2319 613 2329 ‚
666 2251 761 2311 Dulce
780 2252 824 2309 tui
840 2267 944 2309 numen
968 2250 1097 2310 Coesnris
1114 2252 1190 2311 lttuu
1210 2268 1313 2321 umus‚·

596 2353 660 2412 Huc
680 2359 774 2425 uetus,
796 2352 852 2412 buc
871 2356 1002 2427 supplex
1024 2354 1188 2427 Aupustum
1210 2370 1314 2413 nomen
1333 2355 1445 2413 adures

668 2456 762 2529 Atque
782 2457 906 2528 Aquites
926 2458 1049 2530 repetis,
1066 2456 1159 2515 libere
1176 2457 1278 2529 sipnu,
1296 2463 1379 2526 tuus,-

599 2558 812 2616 Cummemurus
828 2564 955 2617 ueterum
976 2558 1127 2616 Mauortia
1142 2558 1231 2630 suctu
1251 2565 1424 2633 parentum,

542 2679 568 2718 m
667 2659 793 2718 Reslilui
809 2677 868 2735 per
889 2676 941 2719 nos
962 2666 991 2719 et
1005 2663 1086 2734 pelis
1106 2662 1172 2735 ipsu
1190 2660 1249 2720 libi.

596 2762 694 2820 Parce
712 2765 798 2835 queri
814 2778 959 2836 seruaque
971 2762 1062 2833 sillem
1083 2770 1112 2821 et
1132 2780 1200 2837 spes
1221 2766 1342 2838 concipe
1364 2780 1504 2837 maenus,

667 2864 735 2951 lum
752 2865 816 2935 libi,
834 2881 872 2922 ne
888 2864 1004 2936 dubita,
1024 2870 1122 2923 noster
1137 2866 1259 2925 unbelnt
1275 2883 1386 2939 equus,-

599 2965 865 3040 (lnuntnlueunque
886 2974 970 3027 nocet
986 2968 1104 3042 cupillis
1124 2967 1224 3040 muru,
1242 2974 1345 3026 riostru
1366 2968 1420 3026 sub
1437 2970 1530 3025 nrnu's

542 3085 567 3124 24
667 3068 721 3126 Est
736 3071 827 3142 ipitur
845 3072 937 3128 vuru's
957 3071 1057 3128 littera
1076 3069 1183 3141 fructu
1204 3072 1293 3129 locis:

596 3169 759 3230 Scribimus
779 3178 808 3230 et
823 3172 938 3232 dictant
957 3174 1045 3231 iruloe
1062 3172 1151 3231 uerba
1172 3172 1334 3244 Cumunue,

672 3272 828 3332 Terribiles
845 3273 983 3345 referunt
1003 3277 1123 3348 sinpulu
1145 3273 1234 3332 verbu
1254 3274 1354 3341 tubus·

597 3375 682 3435 Nunc
705 3376 778 3433 milii
798 3374 969 3434 Teutonicus
987 3377 1089 3435 uideor
1114 3381 1250 3450 spectare
1270 3376 1451 3461 pbulunpes,

542 3498 566 3537 n
666 3476 716 3534 Eu
737 3494 798 3535 urin
820 3481 930 3551 quoties
951 3480 1066 3552 scriptu
1088 3478 1195 3536 tubelle
1212 3479 1309 3551 plnpu
1328 3484 1385 3547 est,

597 3580 682 3639 Nunc
702 3583 806 3653 lunpus
823 3580 956 3639 breuibus
974 3588 1093 3639 certare
1113 3580 1264 3638 uotorubus
1285 3580 1401 3650 husius,

670 3682 741 3740 Cum
756 3684 834 3740 stelit
853 3684 902 3742 bic
920 3699 1022 3742 uersus
1042 3685 1172 3756 loupiur,
1195 3684 1246 3741 ille
1263 3682 1375 3740 breuis:

595 3784 715 3843 Scilicet
728 3802 768 3843 en
790 3788 847 3843 istu
860 3789 1040 3859 promissum
1059 3792 1149 3859 purte
1169 3787 1293 3842 sulutem

541 3905 566 3944 ³2
669 3886 707 3945 tlt
723 3890 841 3946 missum
857 3904 962 3973 posses
982 3888 1097 3959 elicere,
1118 3902 1194 3946 curu
1213 3886 1284 3958 suit.

596 3989 678 4062 Erpo
695 3991 738 4048 ud
753 3998 780 4049 te
800 3990 915 4048 breuior
932 3997 1012 4049 tuntu
1035 3989 1087 4047 ibit
1105 3990 1243 4062 epistula,
1266 3995 1376 4061 quunlu

668 4091 728 4150 Pro
749 4100 776 4150 le
797 4094 937 4166 suscipiet
953 4094 1069 4163 loupiur
1088 4107 1175 4149 urina
1197 4106 1320 4148 munus:

595 4193 729 4266 Namque
750 4194 824 4266 quiet
841 4195 965 4268 Alpinus
982 4191 1081 4263 suerit
1101 4194 1221 4252 mouisse
1242 4191 1296 4250 sub
1315 4208 1415 4264 arces,

541 4314 566 4352 su
667 4295 819 4369 Affliclnm
840 4312 907 4355 curn
929 4312 987 4354 nun
1010 4297 1077 4368 ipsu
1099 4311 1228 4368 querere
1249 4291 1367 4353 minus?

597 4397 684 4456 Mene
706 4396 871 4457 Tridentini
890 4400 991 4457 urbem
1010 4414 1174 4471 superesse.
1185 4397 1371 4470 Albesimque
1386 4395 1546 4467 frepusum

668 4500 842 4560 Ludibrium
861 4501 957 4573 feimoe
979 4501 1169 4573 despicientis
1188 4494 1267 4557 erit?

595 4602 656 4661 Ille
679 4605 796 4678 quidem
818 4620 877 4662 non
898 4621 978 4662 varin
996 4612 1064 4662 tuus
1082 4603 1218 4676 peruenit
1237 4601 1280 4658 uel
1300 4616 1391 4659 eures

544 4725 570 4764 m
670 4709 764 4781 Atque
784 4708 901 4781 aliquid
920 4709 1016 4764 maius
1038 4721 1127 4780 quum
1148 4706 1318 4778 toqueretur
1339 4708 1424 4768 erut,·

445 4887 648 4897 *-

513 5009 535 5042 ¹⁴
548 5012 675 5061 adstes
723 5008 905 5061 ²⁴liter23.5.
959 5008 1108 5074 bettane.
1157 5007 1385 5057 Camoeniui...5.
1440 5002 1603 5053 ³⁶Adfl.c.s.
1652 4998 1739 5049 ³'Ae-

444 5100 511 5145 stute
531 5113 556 5145 n.
577 5098 650 5150 1509.
