4067 6209
453 762 524 833 192
573 777 737 826 LXXXVII.
751 791 873 826 nauseo.
886 791 923 826 uo
936 792 1048 826 rrnrcu.
1064 793 1106 825 nr.
1138 779 1315 827 LXXXVIII.
1329 794 1413 829 urrr.
1429 792 1466 827 au
1481 793 1537 829 rao.
1553 794 1589 829 ori
1603 794 1685 830 usas.
1699 795 1742 829 er.

451 952 524 1006 velut
546 951 705 1025 protrudat;
729 950 798 1005 unde
822 951 849 1004 in
873 949 944 1005 liunc
966 966 1021 1005 uon
1046 950 1148 1005 insulse
1171 952 1271 1006 dixeris
1295 953 1367 1025 quod
1390 953 1423 1008 do
1446 953 1613 1026 imperatore
1636 954 1743 1010 Thime-

452 1037 515 1092 theo
538 1036 578 1091 vcl
601 1036 707 1110 pictura
731 1036 896 1108 exagitatum
912 1043 968 1094 est.
992 1027 1109 1089 εὕδοντι
1129 1027 1236 1107 κύρτος
1251 1032 1338 1106 αἱρεῖ.
1364 1037 1401 1093 sic
1423 1038 1562 1093 dormiens
1585 1038 1671 1094 lerme
1693 1037 1743 1094 llo-

450 1121 536 1177 banus
558 1121 675 1176 carmina
699 1138 730 1175 ex
760 1138 820 1174 sese
849 1119 998 1193 profundit.
1044 1119 1111 1186 Quid
1141 1137 1211 1175 name
1239 1138 1447 1176 commemorem
1477 1124 1510 1178 de
1533 1122 1666 1185 Hutteno,
1696 1123 1744 1179 ho·

450 1207 522 1261 mine
544 1205 576 1260 ad
598 1206 732 1278 poeticam
755 1206 838 1259 nato?
868 1212 921 1258 tam
951 1206 1022 1257 enim
1046 1204 1132 1259 laeilis
1155 1213 1182 1260 et
1204 1213 1282 1260 acuta
1298 1207 1337 1263 in
1354 1207 1413 1261 eius
1435 1207 1600 1262 carminibus
1623 1208 1744 1263 inventio

450 1298 505 1352 est,
535 1280 588 1345 tuin
612 1291 727 1345 rotunde
751 1290 840 1344 omnia
862 1289 1014 1348 cobserent.
1044 1297 1074 1343 ut
1097 1289 1173 1362 quusi
1197 1290 1269 1346 aliud
1292 1289 1345 1345 alio
1369 1292 1517 1346 accrevisse
1539 1292 1622 1348 rideri
1645 1273 1765 1366 possita

449 1375 525 1431 llunc
540 1374 758 1448 quandoquidem
774 1373 1014 1430 reverendissinms
1031 1375 1057 1428 in
1073 1374 1181 1429 Cliristo
1197 1382 1318 1447 pateret
1340 1376 1580 1432 reverendissimus
1595 1376 1744 1432 Cardinalis

450 1459 651 1515 illustrissimus
667 1460 794 1532 princeps
811 1458 939 1513 dlbertus
955 1466 982 1512 et
997 1458 1088 1514 colere
1104 1468 1131 1513 et
1147 1459 1239 1516 lovere
1262 1460 1356 1533 erepit,
1380 1478 1435 1515 non
1457 1461 1553 1516 dubito
1577 1462 1642 1535 quiu
1659 1461 1745 1516 multa

450 1544 569 1600 llutteno
584 1544 680 1616 digna.
705 1544 729 1599 id
746 1552 788 1598 est
803 1543 882 1598 docta
898 1551 926 1597 et
941 1542 1091 1605 ambrosia,
1116 1551 1145 1599 ut
1160 1544 1272 1606 dicitur.
1296 1544 1391 1600 alenda
1406 1545 1569 1601 conscribet.
1603 1547 1639 1601 lle
1656 1552 1683 1601 te
1698 1563 1745 1601 au·

450 1638 518 1691 tem,
542 1632 577 1684 mi
593 1629 758 1691 llermamm,
783 1645 837 1683 uon
860 1635 902 1683 est
925 1627 996 1700 quod
1020 1628 1104 1683 multa
1127 1646 1349 1691 commemorem,
1373 1647 1407 1684 ue
1429 1630 1568 1685 deridendi
1592 1630 1653 1686 aliis
1676 1647 1745 1703 pne·

450 1714 560 1769 beamus
580 1714 752 1776 ‚occasionem
775 1721 803 1768 ct
825 1712 892 1768 illud
915 1712 941 1766 in
965 1729 1016 1767 uos
1040 1714 1141 1768 iactent
1170 1721 1300 1769 ‘mutuum
1323 1714 1388 1769 nmli
1413 1715 1550 1778 scabunt';
1579 1716 1631 1770 boo
1656 1722 1778 1770 tomento

436 1800 509 1855 -dico
534 1800 735 1860 iucunelanter,
765 1815 807 1852 me
838 1798 908 1852 baud
936 1796 1124 1870 unquam-‘vel
1153 1799 1260 1854 audisse
1289 1797 1330 1854 rel
1358 1799 1456 1854 vidisse
1478 1800 1615 1856 hominem
1638 1800 1665 1853 in
1688 1800 1745 1873 epi·

449 1883 644 1956 grammatibus
678 1889 731 1937 tam
766 1883 873 1937 minime
908 1882 999 1936 ociosa
1033 1882 1260 1945 scribentemrc
1293 1892 1334 1939 te:
1369 1901 1441 1957 saepo
1474 1886 1544 1939 enim
1579 1884 1662 1939 veluti
1695 1885 1745 1939 mi·

450 1975 526 2023 rator
549 1976 658 2023 tuorum
681 1967 904 2040 epigrammatum
928 1966 1023 2028 sedeo,
1048 1968 1136 2022 omnia
1159 1976 1318 2042 pertentans
1342 1977 1370 2024 et
1393 1968 1459 2023 nibil
1483 1968 1562 2043 plane
1585 1969 1744 2043 depraehen-

448 2054 513 2113 dere
536 2054 653 2126 possim.
684 2052 756 2125 quod
785 2052 824 2106 rel
852 2051 985 2106 redundet
1014 2052 1054 2107 vel
1084 2052 1145 2107 addi
1167 2054 1270 2126 possit:
1302 2062 1355 2108 tam
1379 2054 1468 2109 omnia
1490 2054 1589 2109 iudicio
1611 2054 1743 2109 acerrimo

449 2137 546 2193 librata
568 2137 701 2192 ridentur.
746 2154 830 2209 perge
854 2135 953 2208 igitur,
984 2137 1019 2191 mi
1042 2136 1189 2199 Hermone,
1218 2138 1270 2193 hoe
1299 2138 1417 2193 studium
1447 2138 1584 2201 excolere,
1614 2146 1642 2193 et
1664 2147 1690 2193 te
1714 2138 1740 2193 iu
1753 2146 1776 2186 1⁵

450 2224 538 2295 magni
562 2222 686 2277 subsellii
709 2222 844 2276 bominem
866 2237 1009 2276 evasurum
1025 2239 1153 2293 auguror.
1178 2222 1203 2277 id
1220 2223 1292 2295 quod
1308 2240 1362 2277 non
1378 2223 1548 2278 dissimulare
1563 2224 1650 2296 potul,
1683 2240 1743 2278 cum

449 2317 476 2362 et
500 2306 661 2363 nobilissimi
684 2316 711 2361 el
734 2306 885 2362 doctissimi
909 2305 1019 2360 llutteni
1043 2306 1239 2379 Sticlrologiam
1267 2308 1470 2381 imprimendam
1498 2325 1635 2369 curarem,
1663 2325 1742 2380 quam

448 2399 475 2447 et
493 2392 539 2447 tibi
557 2391 696 2464 legendam
719 2399 782 2464 post
805 2390 951 2446 exhaustos
976 2398 1038 2445 tuos
1061 2390 1169 2447 labores
1193 2392 1294 2447 ollero:
1317 2393 1396 2448 crede
1419 2393 1499 2453 mibi,
1523 2392 1654 2465 placebit:
1679 2392 1741 2465 quid

447 2486 537 2532 autem
560 2494 615 2532 non
638 2476 759 2550 placeret
781 2477 813 2532 ab
836 2475 945 2531 bomine
968 2483 1022 2530 tam
1045 2475 1190 2548 insigniter
1211 2477 1293 2532 docto
1316 2477 1487 2550 profectum?
1518 2477 1589 2533 Vale.

426 2643 429 2649 ’
517 2641 640 2690 Felieius
659 2657 740 2705 qrrom
759 2640 993 2706 Hegendorffinus
1011 2642 1130 2691 Hutteni
1150 2648 1237 2692 ortem
1261 2641 1491 2692 versificatoriam
1510 2642 1636 2691 laudarit
1656 2641 1777 2694 Geor-eo

449 2727 510 2790 gius
530 2726 677 2775 Fabricius
696 2726 904 2775 (lliemnicensis
923 2726 966 2775 bis
989 2727 1115 2776 versibus
1136 2743 1168 2775 ex
1187 2729 1322 2789 eamme,
1349 2742 1401 2792 quo
1424 2728 1458 2775 de
1478 2743 1506 2776 re
1524 2728 1637 2792 poetica
1656 2725 1743 2775 llbros

448 2811 509 2859 Vll.
535 2811 622 2874 (Lips.
640 2809 711 2858 1578.
729 2809 781 2875 8⁰.)
801 2810 898 2860 Ioanni
912 2796 1037 2860 Seulteto
1057 2811 1211 2872 dedicavit,
1232 2812 1372 2877 repetitis:

693 2900 721 2954 lu
744 2899 832 2954 stadio
855 2916 915 2956 nam
938 2903 993 2954 nos'
1011 2899 1113 2955 Hessos
1135 2900 1274 2973 praecessit
1298 2902 1401 2962 eodem,

752 2984 881 3040 dentulus
904 2985 1018 3057 ingenii,
1042 2985 1112 3041 Naso
1135 2994 1230 3059 poeta,
1257 2986 1303 3040 tui.

694 3069 766 3125 Talia
789 3071 935 3144 proposuit
957 3087 1045 3141 nuper
1066 3077 1202 3144 praecepta
1225 3070 1353 3132 Sabinus,

752 3155 833 3210 Cuius
856 3172 908 3227 ego
931 3154 1020 3209 llusas
1042 3155 1160 3210 carmine
1182 3155 1264 3210 credo
1288 3155 1373 3229 loqui.

694 3240 747 3294 Nee
770 3257 825 3294 non
849 3239 997 3300 lluttenus,
1022 3240 1119 3295 studiis
1143 3240 1181 3294 vir
1203 3239 1293 3295 clarus
1316 3250 1343 3295 et
1366 3241 1461 3302 armis,

751 3327 840 3380 Ausus
863 3325 890 3379 in
913 3324 1012 3379 heroos
1036 3326 1087 3380 ista
1109 3324 1213 3379 referre
1235 3325 1326 3398 pedes.

693 3410 823 3483 Quicquid
848 3409 947 3482 ubique
971 3409 1035 3470 luit,
1059 3426 1159 3483 corpus
1181 3409 1293 3482 collegit
1316 3411 1341 3465 in
1366 3428 1447 3465 unum

752 3494 798 3549 llle
823 3494 860 3549 tui
884 3494 1017 3555 nemoris,
1042 3495 1156 3555 Plimbe,
1181 3494 1302 3568 llicpllus
1325 3496 1421 3551 bonor.

893 3709 1276 3727 -—-—--—-·—-

463 3932 598 3967 avevsrn
617 3932 731 3966 vmnsu.
968 3899 1225 3974 LXXXVIII.
1542 3923 1574 3964 ia.
1589 3930 1649 3963 oea.
1665 3922 1725 3963 iaie.

1528 3982 1745 3993 ...—

836 4070 1018 4129 VLlllClll'S
1041 4070 1090 4130 DE
1113 4070 1264 4131 lll'T'lEN
1287 4068 1345 4139 Eu.

750 4157 943 4230 eindissmo
972 4176 1048 4230 vino
1077 4176 1193 4233 iacoeo
1223 4176 1261 4231 m:
1291 4174 1438 4230 nannius

695 4274 824 4315 DECANO
848 4277 1050 4316 TRIDBN'I'INO
1074 4278 1115 4316 ET
1139 4278 1215 4318 CAES.
1241 4279 1272 4317 ll.
1297 4277 1316 4316 A
1339 4274 1494 4316 secuntus
1685 4339 1687 4344 ⁴

1015 4361 1172 4403 SALVTEM.
1751 4365 1776 4401 35

465 4550 469 4558 ⁵
531 4477 604 4547 Ouia
627 4478 720 4536 iturus
743 4495 774 4536 cs
796 4477 831 4536 ad
855 4477 998 4536 Caesarem
1022 4478 1107 4556 eique
1130 4477 1387 4539 commendaturus
1409 4495 1455 4535 me
1479 4476 1597 4539 rideris.
1621 4493 1658 4533 ne
1680 4476 1743 4534 siue

445 4579 542 4660 aliquo
573 4598 638 4638 meo
668 4598 725 4657 quo
755 4580 908 4658 utriusque
937 4578 1017 4638 illmn
1046 4582 1164 4641 nomine
1186 4580 1279 4639 «lones
1300 4577 1475 4638 mumisculo
1499 4595 1563 4642 eas,
1591 4596 1664 4639 ,ecee
1692 4575 1742 4635 libi

444 4767 622 4818 LXXXVIII.
653 4767 827 4816 il=Iudio
841 4767 970 4832 bibliogr.
985 4769 1023 4817 n⁰.
1037 4770 1110 4817 XIX.
1127 4767 1149 4816 1.
1219 4766 1286 4813 2:
1304 4763 1570 4815 Burekhardnnat
1586 4750 1705 4827 adport.
1720 4761 1741 4811 1.

479 4853 677 4904 lol.Zl.rere.
735 4850 981 4918 3=Wagenoeib
1001 4853 1039 4902 11⁰.
1054 4868 1111 4901 xxc.
1125 4868 1150 4916 p.
1168 4849 1223 4899 140.
1281 4849 1634 4913 4=flutt.uuneu.1.p.
1649 4846 1707 4897 534.

513 5007 520 5039 ¹
540 5008 574 5057 de
588 5009 652 5072 imp.
663 5004 763 5070 utum]
779 5007 814 5056 cl.
829 5022 912 5071 supro
922 5023 948 5071 p.
961 5005 1016 5055 187.
1052 5004 1151 5055 5aliud
1162 5004 1304 5054 eliorch.
1346 5003 1368 5036 ¹⁰
1381 5005 1533 5053 Cllduson.
1546 5003 1623 5069 prael.
1638 5017 1742 5051 monos.

445 5109 471 5157 p.
484 5091 542 5141 tto.
558 5092 599 5141 ed.
613 5092 684 5142 Toll.
739 5091 757 5123 ¹¹
779 5091 996 5141 incontentorA.
1033 5117 1066 5124 —
1101 5089 1123 5122 ³²
1136 5090 1332 5155 Inscriptionem
1345 5090 1743 5148 onerer„decrementorum.
