4067 6209
778 749 800 799 Ῑ.
821 764 849 798 tn
868 763 1001 799 EOBANW
1020 764 1128 798 HESSVH
1147 765 1260 798 sunum.
1280 759 1378 799 Λ.1.“)θϋ.

601 938 627 978 rr
723 897 820 979 Manat
841 919 878 979 ab
900 920 1017 998 ingenio
1040 921 1124 999 eopia
1145 921 1207 980 vira
1230 926 1294 980 tuo:

650 1019 794 1100 Quicquid
817 1041 883 1081 ares
905 1023 1023 1100 seriptis
1044 1029 1184 1081 rentmos
1206 1022 1281 1082 seire
1304 1030 1435 1101 nepotes,

704 1123 783 1183 'Hoc
805 1130 889 1200 potes
911 1124 1021 1183 ornatis
1044 1122 1206 1184 excoluisse
1229 1124 1332 1184 modis

569 1259 573 1265 ·
651 1224 722 1294 Ouae
744 1232 848 1285 natura
871 1225 963 1295 dedit,
986 1225 1124 1286 studiosae
1147 1228 1278 1286 conseris
1300 1229 1365 1294 arti,

603 1347 629 1386 rs
726 1326 786 1387 Nee
807 1326 954 1388 rnaouiant
976 1346 1078 1388 versus
1101 1326 1226 1387 barbara
1248 1327 1336 1387 rerba
1360 1335 1434 1387 tuos.

651 1428 729 1488 Talis
752 1437 816 1489 erut
837 1429 980 1509 Phrygios
1002 1429 1052 1507 qui
1075 1429 1204 1489 condidit
1226 1429 1299 1489 urbe
1321 1436 1452 1507 penates,

724 1530 760 1590 Et
781 1530 857 1591 male
879 1532 1039 1592 Sarmatica
1062 1531 1139 1591 Naso
1161 1529 1293 1609 sepultus
1315 1532 1415 1601 humo,

652 1631 740 1693 Cuius
763 1639 792 1692 et
813 1634 927 1693 ornarit
948 1632 1082 1694 Nemesis
1104 1631 1218 1693 laudata
1240 1631 1363 1701 libellos,

604 1751 629 1791 sa
726 1733 841 1813 Quique
863 1735 943 1795 dedit
965 1736 1076 1795 varium
1099 1733 1283 1795 Bilbilitanus
1305 1753 1388 1812 opus,

653 1834 731 1895 Talis
753 1835 849 1897 adhue
870 1837 981 1898 iuvenis
1004 1855 1072 1897 eum
1094 1837 1134 1896 sis
1155 1837 1317 1915 primisque
1334 1836 1393 1897 suh
1417 1838 1509 1903 atritis,
1742 1854 1767 1892 ιο

725 1937 853 1999 Ventura
876 1946 919 1999 est
940 1940 1017 1999 sacto
1041 1937 1133 2017 gioria
1156 1946 1262 2016 quanta
1286 1939 1357 1997 viro,

654 2040 722 2099 Vive
744 2057 859 2099 mentor
881 2042 988 2109 nostri,
1012 2042 1062 2119 qui
1085 2048 1113 2101 te
1136 2038 1299 2118 delegimus
1322 2059 1423 2108 mmm,

605 2159 632 2199 so
729 2142 830 2221 Sitque
853 2161 952 2203 eomes
974 2143 1091 2220 scriptis
1113 2160 1231 2220 semper
1253 2140 1355 2219 Apollo
1378 2143 1444 2202 tuis.

1008 2367 1165 2424 nonno!

751 2484 821 2533 GRA
829 2482 977 2533 mnr'n
993 2482 1105 2532 ACTIO
1122 2481 1425 2531 EXYEMPOHALIS.
1451 2489 1464 2511 '²

657 2603 739 2676 Eroo
760 2606 826 2662 vote
846 2606 965 2677 lorcyum
987 2606 1114 2678 soporis,
1139 2603 1275 2678 Hnttene,
1297 2604 1446 2675 secundis,

731 2704 897 2764 Catholious
914 2709 1005 2765 menti
1025 2708 1120 2781 spiret
1139 2707 1242 2780 Apollo
1262 2712 1330 2764 tom.

657 2807 762 2881 Porois
782 2807 899 2882 abhinc,
921 2816 972 2867 tuo
994 2814 1022 2867 te
1043 2815 1183 2882 expectat
1196 2807 1406 2880 Fronosordio
1421 2814 1532 2865 nortem:

620 2927 632 2964 s
728 2909 889 2969 Dimidium
910 2913 1005 2970 nostri
1025 2916 1053 2969 te
1073 2909 1208 2983 finiente
1224 2909 1325 2982 fudit-¹

660 3011 780 3070 Aemoie
802 3012 930 3086 Nasoni,
954 3013 1045 3071 in'ridi
1065 3013 1214 3087 siquando
1236 3028 1357 3085 corono,

733 3114 770 3172 Et
789 3116 871 3173 titulo
894 3116 992 3174 multis
1012 3115 1163 3187 nobiliore,
1194 3110 1286 3174 Volo!

514 3302 576 3350 Post
604 3302 791 3363 inscriptionem
814 3305 840 3348 in
862 3303 921 3363 ipso
940 3303 1025 3365 primo
1047 3300 1107 3350 oon
1123 3300 1239 3362 (Iudicis
1262 3315 1288 3348 n.
1308 3300 1343 3363 1.)
1358 3304 1456 3363 paqino
1479 3303 1596 3362 tenuntur
1618 3301 1644 3347 m·
1668 3298 1740 3346 Croti

441 3387 551 3436 Rubioni
567 3385 709 3447 (Iohannis
721 3385 819 3450 laeger,
839 3385 1085 3451 Dornhoimensis)‚
1104 3392 1154 3434 tum
1166 3387 1273 3435 nondum
1288 3385 1327 3434 his
1339 3384 1476 3434 nominibus
1487 3387 1617 3447 appretiati,
1636 3399 1739 3431 versem:

831 3486 948 3537 Ioannes
966 3485 1116 3538 Dornheim
1134 3487 1300 3537 Venatorius

969 3573 1010 3622 Ad
1028 3574 1175 3622 Lectorem
1748 3582 1773 3620 rs
1795 3556 1797 3559 ’

646 3657 741 3706 Pallas
760 3662 821 3706 erat
839 3656 974 3721 quondam
993 3657 1087 3707 multis
1105 3658 1275 3729 venerabilis
1294 3657 1349 3706 oris

714 3742 802 3806 Quoq3
821 3739 899 3791 stetit
916 3747 1023 3791 tantum
1042 3758 1096 3792 non
1113 3743 1191 3793 loeus
1209 3757 1278 3793 vnus
1297 3747 1357 3791 erat
1428 3744 1432 3750 ”

647 3826 757 3889 Inclyta
776 3827 927 3892 (taecropits
945 3828 1040 3891 precio
1059 3827 1182 3892 pollebat
1200 3828 1316 3877 Athenis

716 3913 755 3959 de.
774 3911 887 3960 Rhodon
907 3912 1024 3961 incoluit
1042 3912 1145 3961 Phoebe
1166 3910 1273 3963 eomoie
1291 3918 1367 3960 tuam

648 3996 730 4046 Vrbis
749 3995 898 4045 Alexandri
917 3981 1076 4047 venerando
1094 3996 1207 4062 palacia
1227 3997 1303 4046 ciues

716 4081 769 4129 Pro
788 4081 892 4145 Sophia
911 4082 1008 4131 doctos
1027 4079 1195 4132 constituere
1214 4082 1307 4131 domes

648 4165 873 4229 Temporemuno
893 4168 978 4216 etiarn
995 4182 1050 4216 nou
1069 4164 1110 4216 eit
1126 4167 1251 4232 lngioria
1269 4166 1361 4217 nostro

717 4250 754 4298 Et
771 4255 847 4299 tenet
865 4252 1022 4305 innumeros
1039 4253 1113 4302 Diuo
1131 4250 1235 4302 diserta
1252 4251 1327 4301 looos

650 4334 800 4399 'l'hurignae
819 4338 911 4401 gentis
931 4342 1015 4402 eaput
1035 4334 1076 4386 eit
1093 4337 1249 4402 Erphordia
1268 4335 1347 4386 testis

718 4420 786 4481 Quae
805 4419 901 4470 voleat
919 4427 1029 4471 veteres
1048 4422 1222 4488 aequiparare
1241 4420 1357 4471 Scholas

651 4505 719 4553 Haeo
739 4505 835 4554 nitidis
853 4504 941 4555 ieetor
960 4508 1070 4555 canitur
1088 4507 1140 4556 tibi
1158 4503 1283 4558 vertibus
1301 4500 1382 4556 Hem

720 4587 772 4651 Qui
791 4605 859 4654 puer
878 4589 918 4640 eit
937 4592 1017 4641 annis
1036 4590 1173 4642 Carminis
1192 4597 1252 4640 arte
1272 4588 1353 4641 senex

516 4726 648 4778 thonus
666 4741 727 4776 eum
745 4727 850 4793 Lipsiae
869 4744 961 4808 manse
980 4721 1061 4777 Iunio
1080 4744 1104 4778 a.
1122 4727 1195 4776 1514.
1209 4726 1347 4776 lleroidas
1365 4726 1539 4775 Christianos
1559 4723 1667 4785 ederet,
1687 4723 1743 4771 iam

450 4812 543 4878 paullo
560 4813 666 4863 maiora
684 4811 718 4861 de
737 4812 861 4862 Hutteno
879 4829 942 4875 suo,
967 4818 1033 4878 puto
1053 4813 1087 4861 ad
1106 4810 1286 4875 (querelarum
1306 4812 1342 4860 11.
1358 4810 1428 4876 eleg.
1446 4809 1484 4860 10.
1506 4811 1559 4859 ‘Ad
1573 4816 1666 4874 poetas
1680 4810 1743 4859 Gar-

517 4998 540 5031 ¹⁶
559 4997 691 5050 exoluii'i'e
710 5016 729 5048 1.
750 4998 840 5062 (reieci
857 4999 1018 5062 exsolvisse)
1059 4984 1110 5030 '²⁹
1128 5002 1181 5048 i.e.
1198 4999 1326 5062 i'eryitins
1378 4997 1401 5030 ³⁰
1419 4997 1528 5046 Ovidius.
1582 4994 1602 5026 ³¹
1627 4995 1771 5044 dioniius(

451 5082 474 5115 ⁸²
493 5076 645 5133 Martialis.¹
684 5082 705 5134 ³?
723 5084 845 5133 venturo
864 5100 883 5132 r.
936 5083 957 5115 ¹⁵
969 5098 1133 5133 annonantur
1153 5099 1172 5131 1.
