4067 6209
382 763 506 815 LXXVI.
518 776 673 812 arvernum
683 777 720 812 nn
730 776 843 811 cincun.
851 776 894 810 ar.
907 759 1157 810 LXXVII.naasu1
1168 765 1572 809 ancnana.nr.n.5.ara.1518.
1604 740 1675 813 169

394 945 610 1014 [carnonam]
709 885 711 888 Ι
840 886 845 904 ‘
940 924 1118 1003 LXXVI.
1487 954 1509 995 5.
1522 960 1585 997 aaa.
1599 952 1659 997 rtis.

1483 1015 1678 1027 ——-—

852 1100 1008 1180 [ioannis
1030 1095 1206 1178 uovorum]

526 1202 730 1253 BILIBALDO
749 1201 1011 1252 Pulrcuamrnuo
1030 1201 1203 1256 Ps'i'nicro
1222 1199 1534 1250 NVREMBERGENSI
1663 1233 1681 1265 ,

483 1300 584 1340 aureo
617 1300 677 1340 svo
711 1298 935 1340 iurnouaruuo
969 1299 1010 1339 nr
1046 1296 1286 1337 connunrssruo
1321 1296 1470 1349 sanvrau
1503 1298 1581 1338 rur.

361 1432 374 1469 a
469 1420 552 1480 Deus,
576 1436 637 1475 ecce
659 1419 741 1474 ulcus:
764 1427 794 1473 ut
817 1418 881 1474 mibi
904 1417 994 1472 ridere
1016 1416 1123 1479 videor,
1148 1416 1199 1471 boc
1221 1424 1295 1472 certe
1317 1416 1360 1472 dei
1382 1417 1623 1491 praedestinatione
1640 1419 1678 1473 la·
1746 1423 1750 1430 ’

383 1513 458 1561 ctum
488 1511 544 1566 est,
573 1512 603 1559 ut
632 1504 862 1559 intercedentibus
886 1501 1046 1576 quilmsdam
1070 1502 1165 1556 irreuliis
1188 1502 1240 1557 boc
1262 1519 1348 1574 gernirs
1370 1502 1566 1558 eleemoniorum
1589 1504 1678 1559 eiicia-

385 1597 431 1645 tur
433 1629 796 1644 ................
819 1589 852 1643 Ut
875 1588 960 1661 igitur
975 1587 1001 1641 id
1018 1587 1090 1660 quod
1107 1587 1265 1660 superiores
1281 1586 1425 1659 negligunt
1439 1588 1593 1661 corrigere,
1616 1605 1676 1644 eor·

384 1674 476 1748 rigant
499 1674 658 1735 inferiores,
682 1674 748 1735 iam,
780 1673 902 1746 iuqrram,
931 1672 1020 1727 derum
1044 1671 1087 1732 fit,
1110 1680 1140 1726 ut
1164 1689 1218 1727 uon
1242 1689 1284 1726 ure
1308 1680 1413 1727 tantum
1436 1671 1502 1727 satis
1525 1673 1561 1727 sit
1582 1682 1677 1729 contra

384 1759 453 1834 phas
476 1765 503 1813 et
527 1758 583 1813 iura
607 1776 657 1832 per
680 1775 759 1813 omne
782 1775 869 1830 genus
892 1757 1074 1812 versutiarum
1096 1774 1223 1819 vexasse,
1253 1757 1318 1830 quin
1348 1757 1429 1812 etiam
1452 1758 1582 1831 incipiant
1605 1759 1677 1812 viros

350 1844 516 1900 ¹⁰marinms
539 1843 658 1898 lacerare
680 1852 708 1898 et
730 1842 864 1898 lacessere
888 1842 999 1902 iniuria,
1024 1841 1258 1915 archiepiscopum
1280 1841 1462 1904 Nazarenum,
1491 1842 1621 1897 tlouutem
1644 1842 1677 1897 de

383 1929 506 1990 Nuenar,
531 1928 693 1989 lluttcnum‚
717 1928 924 2001 llirspiuianum,
947 1927 1159 1998 Peutirrgerum,
1190 1935 1217 1981 et
1242 1935 1268 1995 te
1291 1927 1379 1999 ipsum
1400 1944 1461 1982 curu
1484 1926 1543 1982 aliis
1567 1926 1678 2001 praecla-

383 2013 499 2068 rissimis
521 2012 594 2067 riris.
640 2013 679 2067 Tu
703 2012 787 2085 igitur
809 2029 860 2086 pro
885 2012 990 2083 integra
1013 2012 1158 2066 internos
1181 2012 1297 2066 aruieitia
1319 2019 1413 2066 nostra
1438 2020 1518 2085 teque
1534 2030 1630 2085 uroque
1647 2011 1678 2066 li·

383 2098 463 2154 beres
486 2106 533 2151 aut
556 2097 691 2171 implices,
715 2104 853 2171 utcunque
876 2096 977 2151 bonum
1001 2102 1052 2151 est.
1097 2094 1230 2152 Habemus
1254 2097 1310 2152 sere
1328 2105 1412 2152 totam
1428 2097 1552 2159 liornam,
1576 2105 1678 2171 prater

384 2183 498 2258 pecunia
521 2181 630 2237 illorum
653 2191 813 2256 corruptos,
841 2181 972 2237 babemus
1000 2181 1173 2236 iliictissuuos
1203 2198 1327 2255 quosque
1355 2171 1527 2244 assistentes,
1557 2190 1584 2237 et
1606 2199 1678 2238 com·

350 2273 466 2323 ¹⁵muue
489 2267 579 2322 nulium
602 2266 711 2323 dimicat
732 2276 827 2322 contra
850 2284 906 2321 eos
950 2266 986 2321 Ile
1008 2283 1038 2321 rc
1060 2283 1118 2320 men
1142 2283 1196 2338 quo
1220 2266 1247 2320 in
1270 2273 1343 2320 statu
1363 2266 1413 2327 sit,
1436 2283 1531 2321 cernes
1554 2268 1581 2321 iu
1603 2267 1677 2321 Actis

384 2352 566 2413 iudiciorum,
597 2370 657 2425 qrrm
687 2351 718 2406 ad
748 2360 775 2407 te
797 2352 886 2406 ruitto.
931 2359 959 2406 ct
982 2351 1045 2406 item
1068 2351 1148 2405 mitto
1171 2351 1244 2423 quod
1268 2351 1318 2405 boc
1341 2368 1411 2405 arram
1434 2368 1485 2424 pro
1508 2351 1678 2407 scholasticis

385 2436 581 2494 elaboraverim
603 2437 638 2494 lle
661 2436 816 2493 accentibus
838 2436 985 2492 llobraicis.
1007 2435 1095 2490 lale.
1133 2435 1200 2490 Non.
1225 2434 1309 2510 Apul.
1333 2454 1355 2490 a.
1380 2435 1510 2490 llllllVlll.

953 2520 1068 2575 loarmes
1090 2520 1220 2576 lleucbliu
1241 2522 1389 2576 l'lrorceus.
1411 2521 1461 2575 Lb.
1484 2521 1592 2577 [lector.

472 2605 641 2662 Hermannus
663 2604 743 2661 Novar
766 2605 871 2679 Aqrrilue
893 2623 1000 2668 conres,
1029 2605 1175 2662 eanonicus
1198 2604 1383 2667 Colorriensis‚
1407 2623 1494 2680 irriper
1516 2606 1548 2662 ad
1571 2624 1613 2676 uro
1636 2627 1679 2664 ca·

349 2690 523 2767 ²⁰pellanum
545 2710 624 2747 suum
647 2691 720 2747 misit
743 2700 888 2747 oratorem.
933 2690 958 2745 ls
980 2700 1055 2746 certe
1079 2691 1116 2745 tui
1141 2699 1183 2746 est
1205 2691 1419 2753 amantissimus
1443 2698 1470 2746 ct
1494 2709 1565 2747 nunc
1580 2692 1612 2748 ad
1627 2692 1680 2748 boc

383 2794 484 2832 novum
509 2776 608 2832 bellum
631 2794 660 2831 sc
689 2777 814 2837 instruit,
841 2794 902 2831 curu
933 2775 1025 2830 ruirllis
1053 2776 1293 2831 commilitonibus.
1337 2777 1442 2832 discent
1464 2776 1610 2850 aliquamlo
1633 2779 1678 2833 isti

383 2861 536 2937 pediculosi
559 2862 683 2927 homines
705 2880 735 2917 se
758 2862 832 2943 ipsos
854 2877 1023 2933 cognoscere
1045 2869 1092 2915 aiu
1114 2862 1141 2916 in
1163 2861 1261 2935 proelio
1283 2861 1387 2917 cadent.
1432 2861 1511 2923 Vale,
1532 2857 1637 2940 irater}

565 3043 688 3091 Lxxvl.
707 3044 776 3108 Epp.
792 3060 808 3092 a
821 3044 953 3107 Freytag.
968 3043 1028 3091 cdd.
1044 3043 1141 3104 (indic.
1156 3043 1223 3091 bibl.
1238 3058 1263 3091 u.
1277 3042 1331 3103 82.)
1344 3061 1369 3107 p.
1386 3043 1425 3091 14,
1439 3059 1498 3108 sqq.
1543 3002 1550 3017 ·

931 3305 1129 3440 nxxvn.

386 3451 563 3462 ———--

349 3551 377 3590 ao
732 3540 882 3596 Euasut's
905 3541 978 3597 ROT.
1001 3540 1154 3597 {insinuo
1177 3541 1239 3596 SVO
1262 3540 1287 3595 S.
1305 3543 1330 3596 ll.

473 3677 563 3732 adieri
588 3677 735 3732 secumlunr
759 3677 894 3732 'lbeodori
918 3676 1030 3739 librum,
1055 3686 1102 3734 tuo
1125 3677 1242 3732 dicatum
1265 3676 1381 3732 nomini:
1406 3677 1504 3751 opinor
1520 3678 1545 3733 id
1562 3679 1612 3733 iam
1630 3678 1732 3737 illuso.

388 3764 538 3835 cognitmu.
576 3762 662 3816 suum
686 3762 828 3817 Buscbium
852 3763 922 3817 istuc
938 3754 1055 3824 redisse,
1079 3772 1107 3818 et
1129 3780 1193 3818 sane
1216 3762 1335 3834 gaudeo,
1360 3779 1420 3816 nam
1437 3762 1462 3817 id
1478 3763 1575 3824 rrialim,
1600 3780 1679 3836 quam

947 3895 1116 3903 -——-—-

387 3945 524 3993 LXXVII.
544 3945 653 3993 Erasmi
667 3945 735 4008 Epp.
749 3942 821 4008 (Iud.
836 3943 903 3993 bibl.
918 3946 955 3998 11⁰.
969 3944 1047 4008 obs.)
1066 3944 1190 4011 Alipend.
1204 3945 1240 3993 11⁰.
1255 3959 1397 3994 cccxxvu.
1412 3942 1474 3993 coll.
1492 3944 1563 3994 loir.
1577 3962 1616 4011 sq.
1637 3946 1679 3995 Cl.

876 4031 1046 4080 Bnrckhard.
1061 4031 1082 4079 1.
1097 4048 1122 4096 p.
1132 4029 1188 4079 lil.

454 4163 474 4194 ¹⁰
498 4160 633 4228 archiam]
653 4165 802 4229 Georgium
826 4167 990 4230 Beuiguum.
1062 4166 1082 4199 ¹¹
1102 4166 1219 4234 illorum]
1243 4168 1408 4217 IIoebotrati
1432 4183 1493 4217 cum
1516 4184 1568 4217 sura
1591 4173 1679 4233 parto.

387 4246 408 4278 ¹³
425 4245 513 4312 Actis]
544 4248 695 4312 ‘Hagenoae
721 4252 748 4299 iu
776 4251 882 4299 aedibus
900 4251 1012 4300 'l'hourae
1032 4251 1172 4303 Aullrelmi
1191 4251 1492 4316 nonulloruxvlrl.
1517 4251 1611 4302 Mense
1630 4254 1680 4302 Fc-

386 4331 506 4381 bruario.
522 4335 540 4390 1¹
560 4338 585 4379 in
606 4333 640 4381 Ψ).
661 4335 806 4397 liupr-esso,-
830 4338 946 4398 repeti'tis
965 4340 989 4383 in
1006 4338 1158 4387 llcrmauui
1176 4354 1230 4387 von
1254 4338 1302 4386 der
1320 4338 1411 4386 Hordt
1427 4339 1554 4388 Historia
1572 4337 1679 4387 literar.

386 4417 525 4466 reformat.
546 4417 590 4465 Fr.
606 4422 634 4465 et
647 4418 724 4483 Lips.
740 4418 813 4467 1717.
828 4419 875 4468 sol.
888 4424 960 4484 part.
975 4421 1010 4469 ΙΙ.
1030 4438 1056 4486 p.
1070 4420 1193 4473 ol...130.
1265 4420 1286 4453 ¹⁷
1304 4423 1346 4470 Dc
1371 4439 1431 4471 acc.
1450 4419 1546 4485 Heba}
1581 4438 1615 4469 nn
1635 4436 1679 4469 ae·

385 4498 543 4564 oculumve,
564 4518 598 4549 nr
613 4499 853 4566 minimulum,
874 4520 986 4554 nruovin
1006 4505 1176 4570 scansilem,
1198 4506 1350 4555 blobannc
1363 4506 1499 4555 Reuclrliu
1516 4488 1688 4567 Phoreeulil'

385 4587 442 4634 LL.
458 4587 576 4634 lloctoro
589 4586 668 4634 Libri
686 4587 754 4636 Tres
768 4581 920 4654 Caridinali
932 4590 1054 4640 Adriano
1074 4591 1171 4639 dicati.
1188 4588 1193 4653 Ι
1213 4595 1238 4639 in
1253 4590 1301 4651 sol.
1314 4591 1371 4638 min.
1401 4590 1434 4638 In
1449 4591 1516 4652 siue:
1534 4590 1679 4653 Hagenoce

384 4671 413 4718 in
436 4670 541 4718 auibus
559 4670 671 4720 Tborme
690 4673 831 4739 ilnslrelmi
850 4671 986 4724 Badenlis
1002 4674 1006 4737 Ι
1023 4675 1100 4724 Auno
1113 4674 1301 4723 nonulli.
1325 4670 1421 4722 Meule
1434 4673 1595 4722 Februario.
1611 4671 1615 4735 Ι
1630 4679 1681 4721 tum

382 4754 428 4802 sub
445 4760 517 4817 siquo
536 4755 715 4805 Armbebuiauo
733 4757 799 4808 tium
818 4759 958 4822 briuittaio
977 4757 1121 4821 Smpcrioti.

451 4837 473 4869 ²⁶
491 4837 640 4904 Theodori]
660 4840 752 4891 Gazae.
774 4859 861 4907 „quos
881 4840 958 4907 [duos
977 4844 1079 4908 primos
1097 4841 1183 4892 libros
1202 4838 1409 4907 grammatices]
1430 4841 1492 4892 ideo
1504 4841 1605 4891 Latine
1618 4858 1678 4892 ver-

382 4924 479 4980 timus,
503 4927 534 4970 nt
557 4923 649 4987 plures
669 4926 845 4976 alliceremus
864 4928 899 4977 ad
918 4928 1039 4977 studium
1058 4926 1216 4976 Graecanici
1235 4926 1369 4975 sermonis
1392 4927 1436 4976 rel
1456 4911 1517 4990 ipsa
1537 4926 1678 4977 facilitate

382 5006 460 5058 velut
470 5022 536 5057 esca
547 5009 693 5072 qnadnm‚”
711 5012 818 5062 Erasm.
826 5012 955 5078 Catalog.
963 5011 1195 5062 lucubrationum.
1210 5009 1297 5061 Basil.
1307 5008 1379 5061 1537.
1393 5011 1430 5060 4⁰.
1443 5028 1470 5077 p.
1478 5012 1518 5060 22.
1567 5010 1678 5078 ²²intuo]

383 5089 536 5143 Coloniam.
