4067 6209
453 740 525 815 124
657 752 823 809 xxxxvn.
847 767 1022 804 urrunnun
1035 768 1111 803 oron.
1126 767 1237 804 ouocvu
1249 768 1292 803 nr.
1318 769 1344 802 o.
1358 762 1379 802 o.
1393 766 1458 804 evo.
1474 762 1532 805 toto.

450 931 568 1010 Lipsam
589 928 658 990 ituri
679 945 744 988 sese
766 926 921 995 ollerreut,
955 924 1068 1003 fuitque
1089 922 1160 985 illud
1182 925 1212 985 in
1235 943 1337 996 carisa,
1371 931 1418 995 ut,
1452 943 1544 1003 mum
1564 924 1670 1005 longos
1692 925 1746 986 tibi

394 1032 676 1103 §.ncommentarios
697 1036 798 1090 texere
820 1026 937 1096 vellem,
969 1028 1014 1087 vix
1036 1025 1156 1088 brevem
1178 1028 1255 1087 hanc
1276 1026 1428 1105 epistolam
1459 1021 1629 1089 celerarem.
1675 1028 1744 1089 Ger·

447 1145 511 1197 tum
534 1136 622 1213 igitur
645 1131 733 1200 habe,
757 1130 931 1190 amicissime
953 1128 1060 1199 Crono,
1085 1147 1275 1208 eorumquae
1296 1131 1429 1207 inprimis
1451 1138 1537 1209 opto,
1564 1148 1656 1192 unum
1680 1149 1746 1191 esse

447 1238 520 1307 hoc,
549 1243 582 1296 ut
602 1241 634 1294 tu
657 1251 744 1313 quam
767 1231 933 1293 felicissime
955 1248 1025 1309 agas
1047 1238 1134 1309 atque
1156 1232 1181 1292 is
1203 1232 1250 1293 cui
1271 1238 1319 1298 tu.
1348 1231 1393 1291 his
1415 1231 1561 1302 moribus,
1590 1231 1647 1292 hac
1676 1250 1744 1292 cru-

448 1338 558 1401 ditione
580 1338 683 1406 homo,
714 1334 864 1415 displices,
894 1340 1007 1394 tantum
1031 1332 1067 1394 ab
1090 1335 1173 1420 omni
1191 1333 1327 1394 felicitate
1349 1333 1439 1404 absit,
1472 1341 1614 1413 mantum
1635 1340 1665 1393 te
1689 1348 1767 1411 egos

389 1456 435 1508 §.a
449 1441 486 1503 ab
508 1441 588 1500 omui
611 1437 798 1499 incommodo
820 1437 895 1496 votis
917 1424 1054 1496 omnibus
1076 1436 1179 1504 abesse
1202 1437 1297 1515 cupio.
1335 1435 1499 1497 Narrantur
1520 1436 1590 1497 mihi
1614 1435 1745 1516 epistolae

448 1543 644 1604 obscurorum
666 1541 797 1601 virorum
819 1545 879 1599 tota
902 1538 1058 1598 Germania
1082 1537 1239 1616 divulgari,
1269 1545 1298 1598 et
1318 1539 1396 1615 apud
1419 1558 1470 1599 ros
1496 1558 1614 1618 quoque
1641 1539 1745 1599 haberi

446 1646 477 1705 iu
500 1642 635 1704 manibus
657 1640 772 1720 gaudeo
794 1640 914 1710 absens,
937 1657 996 1699 non
1018 1641 1135 1701 nescius
1157 1642 1268 1701 interea
1287 1659 1375 1719 quam
1389 1641 1475 1702 isthic
1490 1660 1540 1700 vos
1555 1640 1745 1719 triumphetis

447 1751 608 1825 presentes
629 1744 689 1813 his,
713 1742 820 1821 quibus
842 1748 1066 1802 monumentum
1089 1742 1215 1812 hecht,
1245 1741 1419 1802 insultando.
1464 1760 1518 1821 age
1540 1743 1643 1820 igitur,
1672 1741 1745 1802 nihil

446 1848 607 1909 intermitte
629 1845 707 1923 quod
730 1844 850 1924 quidem
865 1843 1034 1904 direrandis
1048 1845 1183 1921 pessimis
1198 1843 1367 1905 homiuibus
1381 1862 1526 1923 usurpare
1541 1845 1651 1923 possis:
1675 1844 1744 1904 bar·
1756 1856 1780 1897 1⁰

391 1950 520 2014 §.chare
542 1948 676 2009 ridentur
698 1945 832 2006 barbari:
856 1963 944 2025 quam
966 1945 1023 2005 hoe
1046 1944 1123 2007 hene
1146 1947 1283 2017 cesserit,
1311 1947 1447 2025 probavit
1468 1947 1625 2015 ErasmuS,
1655 1948 1744 2024 aptis-

446 2052 550 2112 simam
573 2049 691 2110 tandem
712 2048 788 2107 riam
810 2066 867 2125 qua
889 2048 1073 2126 exagitentur
1087 2049 1214 2126 improbi
1229 2050 1381 2127 sophistae,
1403 2050 1551 2111 inventam
1568 2048 1743 2119 arbitratus;

447 2153 499 2214 sed
522 2152 608 2221 mihi,
631 2152 681 2230 qui
703 2151 767 2211 haec
789 2148 892 2219 audio,
915 2150 1014 2210 uidere
1036 2167 1096 2209 non
1118 2148 1200 2211 licet:
1225 2151 1356 2212 noudum
1378 2152 1455 2212 enim
1478 2152 1514 2212 ad
1537 2150 1638 2212 oculos
1661 2169 1745 2212 meos

447 2259 646 2334 pervenerunt
667 2254 726 2322 isti,
750 2252 852 2330 quiqui
874 2260 957 2323 sunt,
986 2251 1105 2314 obscuri
1128 2254 1195 2322 viri;
1224 2260 1304 2315 recte
1326 2248 1459 2323 obscuri,
1489 2271 1548 2313 non
1571 2272 1587 2313 a
1610 2272 1657 2313 me
1679 2259 1743 2312 tan-

447 2364 519 2419 tum.
565 2357 687 2417 Gratum
710 2356 799 2433 igitur
821 2355 941 2423 leceris,
978 2354 1066 2433 (quod
1089 2361 1205 2432 gratum
1228 2354 1303 2425 dixi,
1328 2362 1357 2415 ct
1379 2355 1577 2432 gratissimum
1599 2356 1740 2435 inquam)
1754 2366 1778 2407 ¹⁵

391 2473 436 2525 §.a
446 2461 470 2519 si
492 2466 522 2519 te
544 2459 676 2518 mittente
699 2455 848 2535 exemplar
870 2473 1022 2534 accepero.
1068 2456 1178 2516 Novem
1201 2474 1318 2517 menses
1339 2456 1397 2517 iam
1419 2457 1449 2516 in
1471 2443 1553 2517 ltalia
1573 2475 1655 2526 siun,
1688 2475 1744 2518 nec

447 2560 544 2621 adhuc
566 2558 688 2619 alicuius
708 2557 814 2619 hierati
837 2557 922 2617 amici
950 2575 986 2617 ex
1014 2557 1171 2618 Germania
1199 2557 1350 2636 epistolam
1380 2560 1494 2637 accepi,
1528 2577 1587 2620 uno
1618 2566 1742 2637 excepto

446 2662 615 2723 Hermanno
637 2660 725 2720 Novae
747 2658 857 2738 hquilae
880 2659 1000 2719 comite:
1036 2658 1084 2719 hic
1107 2661 1184 2719 enim
1207 2660 1303 2720 officio
1325 2677 1385 2719 non
1406 2659 1507 2734 deluit.
1552 2660 1612 2723 Nisi
1640 2662 1744 2733 durius

446 2764 504 2824 hoc
531 2770 608 2824 esset
634 2780 723 2840 quam
750 2767 783 2821 ut
805 2778 871 2821 meo
894 2761 923 2819 in
945 2767 974 2820 te
996 2761 1090 2821 amori
1113 2763 1278 2832 conveniat,
1302 2779 1470 2823 accerserem
1493 2769 1536 2833 te,
1564 2781 1743 2842 quamquam

446 2864 564 2945 quidem
587 2865 617 2923 in
639 2861 735 2942 aliqua
757 2862 833 2923 sorte
856 2880 943 2923 causa
966 2862 1070 2932 tueris,
1100 2882 1192 2942 quare
1213 2882 1272 2923 uon
1295 2863 1456 2934 scriberes,
1485 2870 1535 2924 aut
1562 2866 1660 2942 potius
1683 2883 1743 2943 quo
1753 2877 1780 2918 ²⁰
1814 2874 1819 2882 “

446 2968 543 3028 minus
564 2965 643 3045 quod
666 2965 807 3043 scripsisti
829 2963 888 3024 huc
908 2965 1101 3042 perterretur.
1145 2964 1187 3025 lle
1209 2983 1274 3026 mea
1297 2984 1364 3027 cum
1387 2967 1516 3045 quinque
1532 2964 1621 3026 Gallis
1642 2984 1743 3045 pugna

387 3075 389 3078 '
446 3070 565 3130 omnino
588 3067 696 3146 aliquid
720 3067 795 3127 scias
817 3073 933 3145 oportet
955 3066 1066 3145 uquue
1088 3066 1304 3146 divulgantibus
1327 3068 1481 3129 curtisanis
1510 3069 1559 3147 qui
1590 3076 1741 3130 rorantur.

388 3170 603 3250 §.otlapuiunis
617 3169 767 3247 negotium
782 3168 883 3229 Romae
905 3170 1043 3238 vertitur;
1066 3186 1145 3230 nunc
1168 3172 1316 3231 convocati
1339 3170 1469 3249 undique
1490 3170 1619 3250 theologi
1642 3171 1742 3249 dispu-

444 3280 520 3341 tant,
537 3278 604 3351 post
618 3278 777 3332 statuetur:
794 3290 829 3331 eo
845 3272 922 3331 enim
937 3278 1056 3332 ventum
1073 3276 1132 3340 est,
1149 3272 1258 3349 optime
1270 3271 1376 3342 Curre,
1392 3274 1496 3333 utiam
1512 3291 1572 3332 non
1587 3273 1657 3351 quid
1675 3292 1742 3333 sen-

444 3376 515 3436 serit
537 3373 633 3434 bonius
654 3378 752 3452 pater,
775 3371 827 3433 sed
850 3374 920 3450 quid
942 3376 1068 3434 sensisse
1089 3374 1187 3451 putari
1208 3376 1313 3452 possit,
1336 3376 1505 3452 accipiatur.
1550 3374 1623 3434 Gum
1639 3376 1743 3453 primis
1752 3388 1778 3427 ²⁵

445 3477 535 3546 scies,
551 3475 618 3546 ubi,
634 3474 712 3553 qrrod
730 3475 760 3534 in
774 3474 837 3535 dics
851 3492 953 3552 spero,
970 3475 1006 3535 od
1023 3494 1070 3536 me
1085 3476 1197 3536 venerit
1211 3478 1367 3548 sententia,
1383 3472 1443 3538 don
1457 3479 1513 3537 inm
1531 3476 1567 3537 dc
1582 3475 1741 3554 Gapnione‚

389 3586 434 3638 §.t
444 3578 497 3640 scd
512 3579 549 3640 de
564 3579 671 3638 nostris
687 3579 882 3638 communiter
896 3577 1000 3638 studiis
1015 3576 1081 3637 lata.
1115 3579 1185 3640 Haec
1200 3597 1217 3639 a
1231 3599 1293 3650 me,
1315 3581 1364 3659 qui
1379 3579 1478 3640 brevis
1500 3597 1563 3639 csse
1581 3578 1656 3638 volo.
1690 3578 1740 3639 ali-

444 3680 514 3760 quid
531 3681 608 3741 enim
622 3681 666 3740 tui
680 3679 777 3740 studio
792 3686 924 3740 moratus
946 3698 1012 3740 sum
1034 3679 1089 3740 hos
1103 3680 1299 3750 Pomeranos,
1323 3682 1371 3759 qui
1386 3681 1438 3755 tibi
1455 3682 1507 3741 has
1523 3681 1658 3741 reddunt.
1690 3681 1742 3742 sed

444 3789 474 3843 et
495 3783 552 3842 hoc
573 3799 631 3841 nou
652 3783 798 3842 omittam:
831 3799 928 3859 nuper
950 3781 1102 3860 epistolam
1129 3781 1184 3843 lusi
1213 3782 1341 3861 elegiaco
1370 3784 1500 3843 carmine
1530 3784 1566 3843 ad
1596 3783 1741 3844 Caesarem

443 3877 671 3944 Maxmitianum
686 3882 788 3951 italie:
813 3903 877 3944 eam
892 3885 951 3944 mci
966 3883 1114 3945 studiosus
1130 3884 1247 3964 quidam
1260 3884 1497 3964 Witteupurgum
1513 3885 1628 3945 Faccho
1643 3886 1740 3945 mittit.
1751 3903 1777 3944 ao

445 4004 516 4047 cura
531 3986 629 4045 videas
645 3985 799 4063 numquid
815 3985 922 4046 habeat
936 3987 1014 4064 quod
1031 3994 1059 4047 te
1075 3987 1189 4047 afficiat.
1213 3987 1238 4047 si
1257 3995 1373 4067 tempus
1394 3994 1451 4058 est,
1474 4004 1529 4066 pro
1545 3986 1741 4047 blaximiliano

384 4090 430 4142 t&
445 4087 606 4165 responde:
629 4105 697 4146 nem
720 4086 777 4146 hoc
798 4086 861 4146 aliis
882 4088 996 4167 reliqui.
1031 4088 1144 4150 Nimius
1166 4089 1224 4157 iui;
1255 4089 1343 4168 igitur
1365 4088 1516 4150 occludam
1539 4088 1645 4149 literas.
1696 4087 1741 4148 Tu

445 4188 508 4251 vale
529 4189 622 4248 nostri
644 4206 767 4249 memor.
811 4187 944 4249 bononia
966 4188 997 4248 V.
1021 4189 1090 4250 ldus
1112 4192 1248 4270 Augusti:
1271 4193 1394 4269 raptim,
1420 4192 1555 4261 irrevise,
1577 4191 1740 4251 sinceriter.

511 4358 640 4408 ⁸athesae
660 4343 742 4422 cupio
760 4358 873 4418 addA,
897 4362 923 4408 in
941 4362 990 4404 MS.
1016 4362 1099 4409 eutium
1117 4364 1199 4411 lutere
1217 4364 1352 4412 adnotaris.
1404 4359 1673 4423 ⁹,‚monumentum“
1690 4377 1741 4425 pro
1829 4402 1833 4412 .

442 4444 519 4496 verbo
548 4444 655 4509 quodam
678 4446 704 4492 in
722 4446 772 4489 MS·
792 4450 914 4507 corrupto
941 4448 1028 4508 posuit
1044 4446 1079 4494 Α.
1124 4447 1185 4496 Vult
1207 4454 1298 4498 auctor
1320 4451 1474 4511 praesentes
1501 4445 1544 4495 his
1571 4444 1740 4508 insultando,

444 4530 517 4595 quib.
531 4534 580 4579 etc.
606 4527 636 4577 fit
649 4528 806 4579 insultando
818 4531 880 4578 male
893 4530 1080 4579 coniunxerunt
1092 4532 1214 4581 editores.
1268 4530 1287 4564 ¹¹
1308 4532 1396 4593 Quum
1414 4531 1467 4581 hoo
1482 4531 1554 4581 bene
1566 4522 1742 4595 -probavit

398 4630 403 4642 ·
444 4616 490 4665 Er.
504 4620 552 4664 etc.
571 4615 638 4663 Α.2.
647 4616 673 4663 3.
690 4617 734 4679 qui
744 4629 829 4663 omnes
846 4617 925 4663 locum
942 4616 1013 4664 ruatis
1030 4615 1232 4666 distinctionibus
1249 4622 1428 4682 corruperunt.
1493 4616 1609 4667 cesserit
1626 4618 1741 4681 equidem

444 4702 543 4752 addidi.
561 4700 661 4751 uerbum
679 4701 798 4762 deficiens
816 4701 842 4748 in
864 4701 914 4745 MS.
928 4700 1039 4748 uitiatum
1058 4717 1115 4751 eree
1133 4702 1221 4751 adnot.
1230 4689 1266 4751 A.
1330 4701 1403 4753 Male
1421 4702 1453 4753 dc
1463 4702 1551 4752 Morta
1560 4700 1665 4750 Erasini
1680 4701 1705 4750 h.
1724 4704 1740 4750 l.

445 4787 556 4844 adu.3.,·
579 4788 611 4836 de
629 4785 739 4835 Ernsmo
762 4784 877 4848 epistolis
894 4781 923 4832 0.
939 4784 972 4833 V.
995 4787 1168 4849 applaudente
1186 4787 1297 4851 loquitur
1315 4789 1457 4846 Huttenua,
1482 4788 1550 4852 qnod
1572 4791 1742 4849 argumentum

443 4874 545 4937 egregie
563 4873 589 4921 in
600 4871 816 4935 Expostulutionc
833 4885 881 4918 rua
897 4884 951 4918 curn
969 4868 1079 4921 Brosnro
1095 4875 1245 4934 prosecutus
1263 4878 1310 4920 eat.
1381 4868 1402 4904 ¹⁴
1420 4886 1437 4920 a
1449 4868 1502 4935 me]
1513 4872 1527 4919 ‘i
1540 4887 1572 4919 an
1589 4869 1663 4934 opud
1679 4871 1740 4918 me?

411 5021 414 5028 Ι
444 4953 500 4998 ²¹⁸⁴·
520 4957 828 5006 Demea....vocantnr
844 4955 983 5003 ornie.2.3.
1047 4951 1069 4985 ²⁴
1086 4951 1175 5020 peter]
1201 4954 1323 5018 Capoten.
1388 4953 1411 4988 ⁸⁰
1428 4956 1661 5021 Vvittenburgnm
1678 4957 1739 5005 Η.

443 5037 466 5070 ⁸³
484 5040 627 5103 Perpernm
643 5030 813 5103 ‚‚(u.1515.)’¹
826 5040 887 5089 add.
900 5040 925 5089 3.

887 5133 1289 5174 -----‘--—-—-
