4067 6209
347 753 419 823 304
519 765 664 815 cxxxvi.
684 780 787 814 consur
801 781 836 814 no
850 780 942 814 meos.
956 782 1157 815 nocnsrnsrss
1172 783 1214 815 nr.
1229 784 1254 816 n.
1270 777 1302 817 ιι.
1316 783 1385 818 avo.
1403 778 1472 818 tatu.

345 938 681 1011 comitatesnaritateqne
704 939 843 1011 praeditus.
889 939 985 1012 quodsi
1009 940 1032 993 is
1055 940 1119 994 mihi
1143 940 1183 995 tui
1204 940 1400 998 simulachrum
1428 942 1504 999 bona
1529 942 1584 997 fide
1612 942 1657 998 de·

345 1026 446 1099 pinsit,
470 1041 524 1078 non
548 1023 663 1095 accipies
687 1022 713 1077 in
730 1022 824 1077 ranulam
841 1030 946 1095 partem
963 1041 1023 1096 qim
1040 1042 1089 1078 nos
1106 1024 1210 1097 optimo
1226 1034 1308 1100 atque
1323 1028 1525 1083 amantissimo
1541 1035 1654 1101 pectore

347 1127 416 1164 nunc
439 1106 650 1163 admonebimus.
695 1106 747 1161 lam
775 1106 839 1161 olim
863 1107 1008 1181 llapnionis
1030 1107 1191 1181 Apologiam
1223 1128 1322 1186 magno
1351 1129 1416 1167 cnm
1446 1112 1534 1166 animi
1558 1109 1652 1166 dolore

346 1193 511 1265 legeramus,
535 1191 599 1246 licet
620 1191 748 1264 carptim,
777 1209 826 1246 ricc
842 1209 902 1247 enm
917 1191 1040 1247 dolorem
1056 1192 1283 1250 dissimulavimus
1299 1196 1414 1269 seriptis
1431 1196 1466 1251 ad
1481 1195 1649 1269 l’mpniencm

345 1278 446 1338 literis,
475 1277 547 1349 quod
575 1282 629 1330 tam
652 1275 802 1329 manifestis
824 1276 953 1331 conviciis
976 1284 1085 1350 lamque
1109 1276 1274 1351 impotenter
1297 1280 1323 1335 in
1346 1280 1528 1337 adversarios
1554 1279 1671 1335 dehac-⁵

344 1363 487 1421 charetur.
512 1358 714 1433 qualescunque
737 1369 843 1414 essent:
867 1378 928 1415 nam
951 1361 969 1415 ii
992 1362 1056 1415 mihi
1082 1369 1138 1416 tum
1161 1379 1215 1418 uon
1238 1364 1327 1419 nrinus
1350 1371 1432 1420 erant
1456 1365 1551 1436 ignoti
1570 1382 1647 1438 quam

254 1479 264 1494 ·
345 1446 465 1520 Capnion
489 1446 556 1518 ipse.
603 1444 672 1498 idem
694 1443 868 1517 deplorabam
891 1445 960 1519 apud
984 1446 1132 1507 anniculos,
1157 1446 1229 1502 inter
1251 1465 1321 1521 quos
1344 1457 1424 1504 crant
1448 1449 1499 1522 qui
1515 1448 1645 1522 Capuiooi

346 1531 488 1586 studentes
511 1530 549 1583 sic
572 1528 678 1602 placare
700 1536 867 1583 ebriarentur
888 1529 1076 1601 aegritudinem
1100 1530 1180 1585 animi
1203 1533 1268 1593 mei,
1303 1541 1333 1588 ut
1361 1534 1488 1588 dicerent
1521 1532 1645 1588 invidiam

347 1632 453 1671 onmem
477 1615 504 1668 in
527 1631 575 1668 eos
597 1612 801 1670 conferendam.
831 1613 876 1685 qui
899 1630 960 1668 cnm
989 1614 1149 1669 deludsscnt
1176 1633 1236 1670 esse
1262 1616 1402 1673 modestiae
1424 1616 1644 1690 christianaeque

346 1700 466 1755 lenitatis
489 1696 654 1770 exemplum,
678 1704 732 1752 tam
748 1695 889 1751 virulentis
909 1705 1017 1770 tamque
1033 1698 1172 1754 atrocibus
1188 1700 1413 1756 insectationibus
1430 1702 1543 1775 priores
1558 1700 1673 1756 laces-¹⁰

346 1786 461 1846 sissent;
484 1782 585 1855 alioqui
602 1782 747 1853 Capnionis
771 1781 880 1852 ingenio
904 1781 970 1836 nihil
994 1800 1054 1837 esse
1076 1782 1261 1856 placidiusac
1283 1785 1383 1840 mitius.
1419 1785 1561 1840 habitanti
1584 1803 1643 1841 crc-

346 1870 410 1924 dere
426 1886 487 1922 mos
503 1867 678 1939 ingesserunt
694 1866 793 1938 scripta
809 1866 992 1938 Peperieorni,
1009 1867 1111 1940 scripta
1128 1861 1220 1929 Gratii,
1237 1869 1337 1943 scripta
1349 1869 1381 1923 lt.
1393 1870 1424 1924 Ν,
1438 1868 1557 1925 hmoldi
1572 1870 1644 1925 'l'on-

346 1954 404 2025 gari
427 1950 533 2025 aliaque
556 1969 617 2024 qum
640 1967 711 2004 nnnc
734 1967 787 2004 non
811 1967 921 2004 neeesse
944 1959 986 2005 cst
1008 1969 1229 2008 commemorare.
1275 1953 1453 2009 [lemuribus
1478 1954 1535 2009 tuis
1558 1955 1644 2010 raria-

347 2039 411 2093 bant
434 2036 589 2091 sententia:
619 2043 696 2089 erant
719 2035 764 2106 qui
788 2035 968 2107 predicarent
997 2036 1084 2109 ipsum
1109 2046 1134 2092 te
1157 2037 1279 2093 moribus
1302 2055 1362 2093 esse
1390 2039 1457 2093 satis
1480 2039 1642 2098 commodis.

346 2123 393 2177 sed
417 2120 585 2194 quorundam
608 2119 781 2173 instinctibus
805 2119 978 2181 inflammari:
1001 2138 1097 2175 rursus
1121 2122 1191 2177 bona
1214 2140 1277 2195 pars
1293 2123 1465 2178 asseverabat
1481 2122 1533 2178 tibi
1549 2122 1673 2178 nnumo

346 2225 407 2262 esse
429 2206 515 2277 magis
540 2206 565 2259 in
588 2203 703 2259 consilio
727 2220 805 2275 quam
837 2204 1011 2259 arnhitionem
1039 2214 1067 2259 et
1095 2207 1247 2268 avaritiam,
1283 2207 1355 2279 quod
1384 2214 1411 2262 et
1439 2206 1553 2281 plurimi
1584 2207 1642 2262 heri

347 2290 428 2347 velles
452 2291 486 2344 oh
509 2289 571 2363 plus
594 2306 675 2361 quam
699 2288 862 2360 tyrannicam
886 2289 987 2360 ingenii
1011 2290 1194 2352 ferocitatem,
1218 2299 1246 2346 et
1268 2291 1303 2346 ob
1319 2290 1509 2365 inexplebilem
1526 2290 1642 2346 habendi

347 2377 442 2431 facerem
466 2375 615 2430 liniaeornm
638 2371 811 2427 facultatibus
835 2372 960 2427 inhiarcs.
1005 2374 1068 2428 llihi
1091 2392 1156 2430 sane
1179 2393 1287 2448 semper
1308 2375 1350 2431 hic
1373 2393 1432 2430 mos
1461 2376 1530 2436 fuit,
1560 2385 1593 2431 ιιι
1616 2378 1642 2432 iu

346 2460 485 2515 meliorem
508 2466 613 2533 partem
634 2456 794 2512 credulitate
817 2474 929 2529 vergere
952 2457 1059 2513 rriallcm
1082 2477 1161 2532 qnam
1191 2460 1217 2514 in
1239 2460 1418 2521 deteriorem,
1448 2477 1479 2515 ac
1503 2467 1559 2515 tum
1583 2461 1643 2533 qni·

346 2545 406 2599 dem
429 2561 483 2598 mm
507 2543 584 2616 potui
608 2540 735 2597 refellere
758 2541 860 2602 omnia,
884 2540 947 2596 lenii
972 2549 1062 2598 tannen
1085 2561 1136 2617 pro
1159 2544 1260 2599 viribus
1283 2561 1439 2600 sermonum
1453 2546 1673 2600 carentinorum

347 2627 493 2702 Aliquanto
515 2633 580 2700 post
602 2626 704 2686 evcnit,
727 2634 758 2680 nt
780 2634 807 2680 et
830 2628 894 2680 fleta
918 2626 1036 2698 legerem
1061 2629 1146 2683 totins
1167 2646 1256 2684 causa
1279 2638 1306 2685 et
1330 2637 1392 2684 tuiis
1415 2627 1526 2684 libellus
1554 2630 1643 2684 exiret

347 2713 374 2767 in
398 2729 491 2766 inanns
514 2710 666 2770 hominnm,
700 2727 755 2783 qno
783 2710 893 2782 llenigui
922 2709 1061 2784 dialogum
1089 2702 1210 2774 refellis,
1239 2731 1318 2786 quem
1347 2714 1436 2787 ipsum
1465 2721 1557 2769 tamen
1587 2731 1640 2769 non

347 2797 398 2851 nisi
421 2795 535 2869 carptim
558 2793 621 2867 legi.
666 2794 711 2848 Vis
734 2794 819 2848 dicam
842 2795 978 2866 quomodo
1001 2813 1044 2851 me
1066 2797 1205 2853 affecerit?
1234 2797 1349 2871 eloquar
1379 2798 1491 2859 invitus,
1521 2799 1569 2853 sed
1599 2816 1642 2853 se-

347 2881 467 2936 rissime:
491 2878 587 2935 melius
610 2896 747 2933 senseram
763 2879 796 2933 de
811 2878 840 2933 u.
857 2880 884 2934 ll.
902 2880 931 2933 Τ.
948 2880 1025 2953 prius
1041 2898 1121 2954 quam
1139 2891 1164 2937 tc
1189 2882 1237 2937 tibi
1259 2883 1475 2956 patrocinantem
1501 2882 1638 2956 legissem.

347 2966 455 3039 quoties
484 2964 548 3020 illud
579 2981 682 3019 mecum
710 2963 781 3019 inter
808 2962 952 3036 legendnm
975 2966 1152 3022 mussitabam
1180 2967 1294 3023 ‘Vtinam
1322 2967 1365 3022 hic
1393 2985 1422 3024 sc
1450 2968 1519 3023 meis
1548 2967 1669 3023 oculisaa

346 3050 499 3106 cerneretl'
521 3050 579 3105 h'on
604 3049 735 3105 excutiam
757 3057 855 3104 catera
878 3066 939 3121 quaa
961 3067 1049 3105 meum
1072 3052 1189 3108 animum
1213 3051 1268 3108 illic
1290 3052 1467 3114 offenderint,
1495 3070 1586 3126 neque
1609 3052 1641 3107 de

347 3145 405 3192 tota
427 3152 507 3191 causa
530 3152 673 3208 quicquam
696 3134 816 3207 attingo,
851 3135 1034 3206 nequeenim
1057 3154 1114 3191 mea
1137 3139 1237 3192 refert:
1271 3146 1345 3192 certe
1373 3137 1499 3210 plurimis
1522 3136 1640 3192 imlocis

347 3222 427 3276 animi
444 3220 581 3276 lenitatem
598 3220 866 3291 moderationemque
881 3218 1081 3282 desiderabam,
1097 3221 1205 3293 dignam
1221 3222 1329 3277 homine
1345 3222 1513 3281 Christiano,
1529 3222 1638 3294 dignam

348 3305 491 3378 theologo,
514 3305 622 3377 dignam
644 3304 830 3378 praedicatore.
869 3304 976 3376 quoties
993 3304 1110 3366 indolui,
1135 3306 1243 3379 quoties
1260 3305 1355 3363 erubui
1372 3314 1419 3361 tuo
1436 3307 1546 3361 nomine
1562 3306 1639 3379 prins

346 3409 426 3464 quam
448 3390 636 3463 praelationem
660 3388 732 3443 illam
754 3387 938 3462 perlegerem!
962 3389 1027 3462 qnid
1049 3390 1093 3445 hic
1108 3408 1212 3445 mecum
1227 3391 1384 3463 cogitarim,
1409 3390 1473 3463 quid
1489 3391 1669 3447 aestuarium

346 3476 410 3549 qnid
433 3475 617 3530 stomachatus
640 3474 704 3535 sim,
740 3471 899 3546 placabilius
928 3474 1028 3546 opinor
1051 3475 1076 3528 in
1100 3475 1189 3530 sinum
1213 3484 1287 3531 tunm
1317 3475 1469 3535 effundere.
1504 3476 1527 3530 si
1554 3474 1640 3530 collo·

346 3560 446 3633 quemli
469 3560 547 3633 copia
569 3560 689 3614 claretur.
735 3560 803 3612 drite
825 3558 883 3613 dies
906 3575 970 3612 vero
993 3575 1048 3612 non
1073 3560 1109 3614 ita
1125 3559 1226 3615 multos
1242 3578 1305 3616 casn
1322 3568 1416 3615 nactus
1433 3577 1492 3615 snm
1510 3560 1537 3614 in
1552 3559 1639 3614 aliena

346 3645 509 3701 bibliotheca
533 3645 663 3700 iacentem
686 3642 807 3698 libellum
831 3642 963 3716 quendam
986 3642 1128 3699 habentem
1152 3644 1283 3717 epistolas
1305 3644 1411 3718 aliquot
1433 3661 1531 3717 magna
1559 3643 1640 3699 liber·

346 3739 401 3786 tate
417 3730 618 3785 stomachantes
633 3729 661 3783 in
674 3728 703 3782 ll.
711 3728 740 3782 P.
755 3729 798 3783 l:
815 3729 900 3801 prima
917 3727 944 3781 ni
960 3726 1042 3783 fallor
1057 3737 1116 3784 erat
1127 3729 1279 3802 Capnionis,
1296 3728 1382 3785 altera
1397 3728 1541 3784 clarissimi
1557 3729 1640 3784 comi·

347 3816 381 3870 tis
396 3834 411 3870 a
426 3815 498 3870 Nova
514 3814 616 3886 aquila,
642 3814 722 3868 tertia
738 3813 864 3868 Hermam
879 3811 1000 3874 Buschii‚
1019 3822 1115 3885 quarta
1131 3814 1260 3870 llutteni:
1284 3814 1380 3869 harum
1396 3814 1517 3870 onmium
1532 3826 1669 3870 amam-ss

358 3929 545 3938 ———·

413 3981 424 4012 ³
441 3978 530 4046 llpol.]
561 3980 696 4029 Defensio
715 3979 827 4027 Ioannis
850 3977 987 4026 Reuehlin
1003 3977 1007 4042 Ι
1024 3994 1197 4030 ananenssrs
1221 3995 1264 4029 ιι.
1291 3994 1428 4029 bocconis
1445 3976 1448 4043 Ι
1464 3994 1577 4029 cesana
1596 3994 1640 4029 cn·

346 4079 544 4117 Lvrrsrarosas
565 4079 631 4113 suos
656 4059 855 4126 couolnrsssss
872 4059 875 4126 Ι
891 4069 940 4111 ete.
976 4063 1009 4111 In
1029 4066 1096 4126 fine:
1119 4064 1255 4130 'l'ubingoe
1279 4065 1352 4129 apud
1373 4064 1506 4113 Thomam
1525 4062 1640 4112 Anshel·

346 4166 417 4200 mum
433 4150 437 4213 Ι
452 4146 614 4199 Budenlcm.
632 4148 719 4196 Anno.
731 4163 856 4197 ra.n.x111
874 4147 877 4205 Ι
892 4147 928 4195 ll.
942 4148 1039 4197 Iterum
1052 4149 1215 4213 thapcund.
1238 4151 1325 4197 Anno.
1340 4164 1367 4197 n.
1378 4163 1488 4196 mairiu.
1506 4146 1510 4209 Ι
1526 4148 1561 4196 4⁰.
1578 4148 1642 4197 Item

345 4253 388 4300 ap.
407 4251 433 4285 v.
446 4234 472 4281 d.
486 4232 576 4282 Hardt
593 4232 611 4280 l.
626 4249 649 4280 e.
704 4230 725 4262 ¹²
743 4232 1004 4299 bl.N.omto.2.sqq.
1058 4231 1078 4265 ²¹
1098 4232 1179 4299 Aeta]
1201 4235 1411 4297 cf.supor.not.
1468 4229 1490 4262 ²²
1508 4220 1640 4296 Benignil

345 4321 447 4370 Prodiit
465 4323 489 4367 in
504 4319 638 4367 Germania
653 4319 759 4380 primum
779 4317 864 4366 ‘Anno
877 4318 1043 4367 Natiuitatis
1055 4319 1110 4367 Dei
1123 4334 1263 4368 mmxvrr.
1283 4316 1374 4367 monle
1391 4316 1395 4380 Ι
1411 4316 1587 4381 Septembri)
1605 4323 1643 4365 sic

344 4409 482 4469 inscripto:
496 4418 634 4451 osrassro
648 4398 856 4469 ιἰιιιΙιιᾱιίΓῘίιιιὶ
869 4404 921 4451 riri
936 4405 1048 4452 loannis
1059 4403 1194 4453 Reuchlin
1210 4402 1214 4465 Ι
1230 4404 1286 4452 LL.
1295 4402 1433 4463 flecteris,
1447 4417 1464 4450 s
1476 4401 1642 4450 Reuerendo

344 4489 432 4557 paltre
452 4489 571 4554 Georgio
584 4488 710 4551 Benigno
723 4484 887 4550 Namare-luo
907 4489 1039 4553 archiepo
1052 4489 1145 4538 Ronne
1163 4504 1213 4553 per
1230 4488 1337 4537 nmdmn
1354 4486 1358 4549 Ι
1374 4484 1479 4551 dialogi
1493 4486 1578 4547 edita,
1600 4491 1640 4533 at·

345 4592 397 4641 que
411 4592 445 4625 ox
458 4575 586 4639 opinione
605 4573 700 4622 decem
715 4578 742 4621 et
754 4578 816 4622 octo
830 4569 1019 4637 graraisl'hnom
1034 4570 1137 4636 ιιὶ-Ιιοιι
1151 4573 1185 4621 ad
1199 4571 1410 4621 exoniinnndum
1423 4569 1544 4619 Oculare
1560 4568 1564 4625 Ι
1581 4567 1640 4634 ipe·

346 4662 435 4711 culum
450 4678 466 4710 n
479 4657 610 4711 sanctiss.
624 4659 658 4707 D.
672 4655 763 4707 nostro
772 4658 958 4707 Leone.P.bl.
972 4659 1105 4722 deputato
1122 4655 1125 4721 Ι
1142 4655 1244 4722 scripta
1257 4657 1355 4723 Diuoq
1366 4654 1559 4704 blaximiliano
1573 4655 1621 4703 uo.
1634 4651 1638 4720 Ι

344 4748 412 4811 lurp.
426 4743 547 4809 htrguf'to
566 4743 691 4807 dicatu!
725 4746 758 4791 24
772 4743 844 4803 soliis·
862 4747 886 4790 iu
911 4744 947 4791 4⁰.
991 4745 1048 4793 Ciam
1067 4747 1124 4792 (iliis
1139 4759 1190 4807 prro
1208 4742 1344 4791 lleuclrliuo
1361 4742 1479 4803 scriptis,
1499 4740 1642 4787 Hermeuni

343 4836 440 4880 corallis
457 4832 489 4878 de
504 4830 622 4878 h'eucndr
640 4835 664 4877 et
683 4830 794 4877 rllurtini
806 4831 928 4893 (municipi
939 4828 1099 4888 Bucinenm's,
1119 4830 1235 4894 sequenti
1252 4842 1317 4875 orario
1336 4828 1424 4874 iterum
1441 4824 1541 4887 prodiit
1557 4822 1583 4871 'iu
1603 4823 1639 4877 ⁴¹,

342 4922 401 4979 post
419 4919 524 4962 alterum
542 4916 673 4963 editionem
694 4914 795 4963 Pir-eleb.
815 4914 969 4969 Piscatores,
989 4930 1061 4977 picum
1080 4915 1115 4961 ud
1131 4929 1194 4961 tarem.
1209 4926 1303 4961 nxrrrr.
1322 4911 1492 4959 iirdt'cuuinrus.
1529 4909 1640 4972 Ilepetiit

344 5000 641 5049 ettumudllmdtlm.
693 4995 1027 5063 ²¹⁸²³⁴s.r.r.]te2.sqq.
1063 4993 1193 5061 2l³p1·uul.]
1207 4996 1391 5045 Dominicano
1405 4996 1493 5058 2.sqq.
1530 4990 1638 5042 “taciti-

345 5084 441 5133 marim
457 5087 480 5133 l.
528 5082 550 5114 ³³
568 5081 702 5149 libellum]
716 5081 855 5149 Epiltolns
869 5083 950 5132 trium
963 5079 1110 5132 illustrium
1123 5082 1256 5130 virorum:
1278 5080 1360 5130 lodic.
1374 5079 1432 5130 litt.
1447 5094 1471 5127 u.
1486 5075 1638 5129 liutius.
1695 5071 1696 5076 ¹
