4067 6209
317 795 483 846 Lxxxvrr.
503 809 699 843 unosunonrr.
715 809 750 842 ιι)
763 809 826 842 non.
841 809 918 843 ures.
934 809 1028 843 onore.
1043 808 1211 844 errcnonoo.
1223 809 1306 845 urar.
1329 800 1456 844 occidte.
1507 778 1578 850 189

283 968 421 1023 Ciceronis
443 968 545 1023 dictum
567 968 707 1040 experior,
736 967 832 1023 doctos
855 966 958 1022 scilicet
981 966 1023 1022 rel
1050 966 1176 1021 absentes
1204 985 1280 1023 mero
1308 985 1400 1024 amore
1428 967 1580 1022 consociari

284 1062 311 1107 et
333 1054 429 1107 miram
451 1053 522 1126 apud
546 1070 640 1107 omnes
662 1052 779 1107 excitare
801 1052 1020 1113 admirationem.
1045 1069 1123 1125 quam
1140 1052 1173 1107 de
1190 1060 1230 1107 te:
1254 1053 1387 1125 siquidem
1403 1051 1496 1106 ubiubi
1519 1070 1579 1123 agri,

284 1138 394 1210 quoties
424 1138 527 1192 mentio
557 1138 590 1192 de
613 1136 763 1192 derruauiae
784 1144 887 1191 nostrus
908 1136 999 1209 poetis
1029 1136 1134 1199 incidit,
1163 1137 1254 1191 statim
1283 1129 1316 1191 σὲ
1342 1133 1444 1208 πρώτα
1466 1131 1580 1198 δοῦναι,

285 1229 311 1276 te
335 1240 395 1278 esse
418 1221 670 1295 eloquentissimum
694 1229 721 1276 ct
743 1221 883 1276 ditissimae
907 1238 979 1276 venre
1001 1230 1110 1293 poetam
1134 1239 1202 1283 uno,
1227 1229 1257 1275 ut
1279 1222 1393 1283 dicitur,
1424 1238 1471 1276 ore
1494 1220 1581 1276 excla-

261 1315 368 1364 5mant.
414 1306 440 1361 ld
472 1306 545 1379 quod
573 1323 628 1360 nou
657 1314 758 1360 temere
789 1306 849 1378 quis
873 1306 984 1360 inficiari
1007 1313 1116 1380 potest,
1148 1306 1273 1379 quisquis
1296 1306 1427 1362 evolverit
1449 1306 1580 1360 llcroides

285 1399 361 1453 tuas,
386 1408 413 1446 m
437 1390 535 1463 quibus
558 1398 660 1463 praeter
682 1397 886 1462 argumentum,
911 1390 983 1462 quod
1006 1390 1088 1452 adeo,
1112 1408 1173 1445 meo
1197 1391 1309 1453 iudicio,
1339 1398 1446 1446 acutum
1470 1398 1525 1451 est,
1551 1398 1581 1446 ut

284 1484 311 1530 et
334 1474 532 1548 Chrysippeum
555 1492 666 1529 acumen
690 1475 861 1548 supprimere
883 1475 985 1547 possit,
1010 1482 1089 1530 vtamta
1113 1482 1154 1530 est
1177 1483 1204 1530 et
1227 1476 1424 1531 sententiarum
1453 1475 1580 1547 gravissi-

283 1577 387 1615 marum
416 1567 444 1614 et
471 1558 615 1615 verborum
637 1558 866 1631 lepidissimorum
889 1559 978 1613 nativa
1001 1560 1121 1632 quaedam
1144 1567 1172 1614 ot
1194 1560 1312 1632 genuina
1341 1559 1469 1621 facilitas,
1500 1568 1530 1621 ut
1553 1560 1579 1613 iu

284 1652 311 1698 te
334 1662 389 1699 uuo
412 1644 498 1699 Ovidii
520 1644 607 1698 anima
631 1652 724 1721 renata
748 1644 830 1699 rideri
853 1644 957 1717 possit;
986 1642 1059 1716 legat
1082 1644 1216 1717 quispiam
1239 1644 1371 1706 carmina,
1404 1662 1464 1718 qum
1487 1653 1517 1699 tu
1541 1645 1580 1698 in·

250 1729 394 1784 toferioris
416 1746 490 1784 reme
512 1736 606 1801 putas.
631 1736 727 1802 utpote
749 1729 885 1783 Prnssiam
910 1736 963 1783 tam
985 1730 1060 1800 gravi
1083 1737 1110 1783 ct
1132 1728 1216 1784 veluti
1239 1737 1334 1784 toroso
1358 1730 1422 1784 stilo
1444 1746 1580 1783 commen-

284 1815 374 1869 datam
382 1813 628 1888 celebratamque,
652 1821 682 1867 ut
705 1813 777 1885 quod
801 1813 930 1885 Virgilius
952 1814 1067 1868 blantuae
1083 1821 1139 1874 est,
1164 1814 1190 1868 id
1205 1813 1342 1868 Eobauum
1359 1822 1482 1869 nostrum
1498 1814 1579 1868 Prus-

285 1900 332 1953 siae
349 1899 469 1953 futurum
486 1914 540 1953 uon
556 1897 713 1953 dubitanter
728 1898 792 1952 milri
808 1898 1000 1985 persuadeam;
1024 1906 1113 1953 sumat
1135 1916 1179 1971 qu
1175 1898 1268 1971 spiam
1285 1898 1311 1952 iu
1327 1915 1421 1953 manus
1437 1898 1577 1970 Elegidion

284 1984 318 2037 de
340 1983 463 2044 virtutis,
487 1991 516 2037 ut
541 1990 569 2037 tn
592 2000 685 2043 vocas
709 1982 867 2037 nobilitate:
892 2000 915 2037 ω
935 1999 1040 2044 aanor,
1065 2000 1144 2055 quarn
1168 2000 1222 2037 non
1246 1981 1433 2038 nisiVeuercs
1456 1982 1578 2055 loqueris

285 2077 312 2122 et
335 2068 451 2122 Atticam
474 2066 546 2122 illam
570 2062 753 2140 eloquentiam
777 2067 878 2139 spiras,
909 2085 988 2140 quam
1017 2067 1138 2140 graviter
1166 2066 1314 2122 multorum
1337 2067 1511 2121 ambitionem
1536 2084 1578 2120 re·

252 2152 453 2225 reprehendis
483 2152 528 2224 qui
557 2152 684 2207 virtutem
713 2169 767 2207 non
791 2152 913 2206 honestis
937 2151 1089 2206 actionibus
1112 2160 1139 2207 ct
1162 2152 1214 2207 vita
1238 2151 1387 2225 inculpata,
1418 2151 1465 2206 scd
1488 2151 1578 2206 aureis

283 2237 406 2291 catlreuis
429 2237 591 2292 metiuntur!
621 2245 663 2297 ct,
693 2245 723 2291 ut
753 2253 808 2292 uno
838 2236 920 2291 verbo
942 2236 1044 2299 diram,
1074 2236 1201 2309 quiequid
1223 2237 1372 2292 carminum
1395 2254 1425 2290 er
1450 2243 1494 2290 tua
1519 2236 1578 2290 offr-

283 2322 343 2377 cina
366 2321 474 2394 prodit,
505 2321 531 2375 id
560 2329 648 2375 totum
677 2328 707 2376 ut
730 2321 813 2376 Ovidii
837 2328 929 2375 uatum
953 2322 1064 2393 iugenio
1088 2330 1220 2376 nocturna
1243 2321 1394 2394 diurnaque
1416 2338 1496 2375 manu
1521 2339 1578 2374 ver-

284 2413 368 2460 satur.
414 2406 490 2467 llaec,
513 2406 549 2460 nri
571 2406 727 2461 doctissimo
750 2405 871 2466 Eobaue,
902 2415 1031 2461 constans
1054 2406 1087 2461 de
1112 2414 1156 2460 tua
1178 2423 1284 2461 morum
1307 2405 1478 2477 integritate,
1502 2406 1578 2476 inge·

284 2490 322 2545 nii
345 2490 577 2563 promptitudine,
601 2490 734 2545 variarum
757 2508 847 2545 rerum
870 2487 1041 2561 cognitione,
1067 2491 1135 2546 furna
1158 2507 1212 2545 uon
1236 2507 1298 2545 raro
1321 2490 1386 2544 mibi
1409 2507 1500 2544 aorem
1524 2489 1577 2544 rul-

248 2574 387 2634 raficam,
411 2583 441 2629 ut
465 2592 576 2647 quoquo
599 2575 680 2629 modo
703 2592 787 2630 mcarn
811 2574 976 2648 singularem
998 2577 1025 2630 in
1049 2584 1125 2630 tuum
1147 2575 1285 2647 ingenium
1307 2574 1522 2630 benevolentiam
1537 2583 1578 2629 to-

284 2659 425 2713 stificarcr.
469 2660 534 2713 Cum
557 2668 646 2715 aretem
669 2677 758 2733 nuper
779 2660 851 2715 inter
873 2659 939 2714 alias
961 2660 1069 2716 chartas
1092 2660 1219 2722 lluttcui,
1242 2660 1291 2715 viri
1314 2667 1344 2715 ut
1367 2659 1467 2714 nobilis
1490 2668 1577 2721 ortus,
1599 2670 1614 2687 ‘

284 2746 321 2797 ita
351 2744 453 2816 ingenii
482 2744 568 2799 multo
597 2743 774 2806 nobilissimi,
804 2744 971 2817 Sticlrologia
1000 2746 1027 2800 in
1050 2762 1145 2802 manus
1173 2763 1246 2800 meas
1274 2745 1457 2820 pervenisset,
1485 2745 1577 2800 statim
1638 2760 1641 2766 ’

283 2828 373 2882 auimo
395 2846 499 2890 mecum
524 2827 690 2890 volutabam,
714 2846 769 2884 non
792 2829 979 2901 infrugiferam
1003 2831 1171 2905 poeticarum
1187 2829 1328 2885 literarum
1343 2829 1492 2885 candidatis
1509 2830 1575 2890 fore,

284 2913 307 2966 si
337 2913 409 2985 typis
438 2913 618 2968 excudendum
641 2931 780 2975 curarem,
811 2914 936 2969 nolebam
964 2923 1054 2970 autem
1084 2933 1141 2971 eam
1165 2915 1223 2969 sine
1247 2915 1331 2969 Genio
1355 2914 1380 2968 iu
1404 2913 1491 2969 lucem
1514 2931 1577 2986 pro·

247 2997 353 3050 redire.
399 2998 546 3073 Tri-igitur
568 2998 632 3053 mibi
657 2999 683 3052 in
705 3007 822 3054 mentem
853 2998 991 3059 veniebas,
1022 3000 1064 3054 cui
1088 2998 1297 3071 Sticlrologiam,
1328 3000 1354 3053 iu
1378 3000 1494 3071 speeiem
1518 2999 1578 3070 qui·

283 3082 342 3136 dem
366 3098 487 3153 parram,
517 3082 566 3137 sed
595 3099 659 3138 sane
683 3100 762 3156 quam
785 3100 840 3139 non
863 3083 986 3139 inutilem
1010 3084 1088 3139 bonae
1110 3084 1208 3139 mentis
1232 3083 1385 3143 iuvenibus,
1408 3082 1577 3144 dedicarem:

283 3166 382 3237 partim
406 3167 478 3238 qood
501 3184 557 3221 uou
580 3168 738 3240 ignorabam
763 3176 789 3222 te
806 3168 925 3224 llutteno
949 3186 1009 3224 esse
1028 3169 1115 3224 vel'en
1132 3168 1221 3223 animo
1237 3167 1447 3227 deditissimum,
1470 3175 1498 3221 et
1513 3184 1577 3239 pro-

283 3258 345 3322 pter
368 3251 425 3305 cius
448 3251 543 3306 miram
567 3253 593 3306 in
615 3252 779 3307 carminibus
802 3253 987 3326 praestantiam
1010 3253 1156 3327 plurimum
1179 3253 1283 3315 farere;
1307 3251 1404 3325 partim
1428 3251 1501 3324 quod
1517 3268 1577 3305 meo

285 3335 382 3389 iudicio
405 3335 475 3390 alter
497 3335 609 3391 alterius
633 3337 688 3392 stili
712 3336 866 3393 liniamenta
891 3339 927 3393 ita
951 3339 1084 3400 referret,
1108 3345 1138 3392 ut
1161 3355 1215 3393 non
1237 3335 1381 3410 compositi
1405 3335 1501 3390 melius
1516 3352 1576 3390 cum

248 3425 274 3464 ³⁰
285 3419 363 3473 llrtho
386 3419 497 3475 Baebius
521 3438 600 3493 quam
623 3420 748 3477 Eobanus
771 3440 831 3477 eum
855 3423 990 3485 llutteuo;
1021 3424 1119 3495 partim
1143 3423 1215 3496 quod
1240 3419 1482 3477 anirnadtertebam
1505 3420 1576 3474 bunc

283 3502 403 3558 libellum
433 3521 585 3577 quanquam
615 3524 665 3579 per
692 3526 721 3563 se
748 3508 1054 3569 commendatissimum,
1084 3515 1113 3562 ut
1142 3524 1222 3580 quem
1250 3506 1423 3561 doctissimus
1447 3503 1525 3559 simul
1549 3512 1576 3558 et

283 3587 523 3661 eloquentissimus
545 3600 626 3684 poeta
649 3591 813 3646 lluttenus
807 3609 833 3645 m
856 3591 994 3665 publicum
1016 3593 1103 3652 dedit,
1128 3592 1256 3646 maiorem
1279 3590 1348 3664 apud
1372 3574 1576 3663 μουσουργοὺς

283 3673 397 3745 gratiam
420 3673 564 3735 initurum
597 3676 620 3729 si
643 3677 693 3731 sub
715 3685 762 3731 tua
786 3675 900 3730 tutela
894 3693 919 3730 m
944 3675 1030 3731 lucem
1054 3675 1135 3731 veluti
1160 3675 1289 3730 Herculea
1311 3673 1384 3729 clava
1408 3673 1575 3729 obarmatum

282 3758 413 3829 prodiret.
458 3759 580 3831 Accipias
600 3761 700 3832 igitur,
729 3761 885 3816 doctissime
909 3760 1032 3822 Eobaue,
1062 3761 1173 3815 liutteui
1197 3760 1272 3815 amici
1297 3760 1336 3814 tui
1359 3757 1576 3832 incomparabilis

247 3841 492 3915 aeStichologiam
524 3844 609 3899 donec
632 3854 659 3899 et
683 3863 735 3916 ego
757 3847 790 3901 de
812 3862 873 3901 meo
897 3846 1036 3919 quippiam
1060 3854 1107 3900 tuo
1130 3846 1249 3901 dedicem
1273 3844 1383 3900 nomini.
1429 3843 1481 3898 lam
1505 3843 1575 3897 eninr

281 3943 336 3981 non
359 3945 441 3999 parvo
464 3937 564 3983 conafu
587 3929 678 3986 lesson
702 3931 728 3985 in
751 3931 871 3986 defuncti
895 3930 1015 3993 Aubaui,
1040 3930 1218 4004 praeceptoris
1241 3930 1345 3989 nostri.
1376 3928 1480 3983 laudem
1503 3928 1575 3982 domi

281 4019 383 4065 nostrre
406 4012 612 4075 elucubramus;
636 4023 692 4070 tum
716 4014 938 4071 declamationem
963 4017 1096 4089 quandam
1121 4015 1260 4070 funebrem
1284 4015 1310 4069 iu
1334 4013 1510 4068 illustrissimi
1533 4011 1577 4065 Al·

281 4095 351 4150 berti
375 4098 531 4152 memoriam
554 4099 731 4159 meditamur:
766 4118 826 4173 quae
849 4101 938 4155 omnia
961 4102 983 4155 si
1006 4100 1089 4174 paulo
1111 4100 1270 4173 diligentius
1293 4098 1502 4161 edolaverimns,
1538 4098 1576 4152 tui

280 4179 427 4242 similibus,
451 4182 475 4237 id
499 4192 541 4237 est
563 4183 651 4238 doctis
674 4193 701 4239 et
723 4185 843 4240 candidis
865 4185 1071 4241 dedicabuntur.
1116 4185 1179 4241 Vale
1202 4194 1229 4240 et
1252 4184 1478 4258 christophorum
1501 4191 1576 4238 tuum

246 4266 307 4318 oin
331 4282 425 4320 eorum
449 4284 591 4323 numerum
614 4269 731 4330 ascribe,
761 4270 806 4343 qui
830 4278 884 4326 tuae
906 4271 1053 4326 eruditioni
1077 4270 1234 4326 medullitus
1257 4270 1362 4325 favent:
1391 4286 1450 4324 nam
1475 4269 1577 4323 ‘docto-

281 4366 340 4404 rum
364 4351 509 4406 bominum'
533 4354 577 4425 qui
601 4354 691 4409 dicere
713 4372 839 4427 possum,
868 4372 928 4410 cum
952 4373 1001 4410 uec
1024 4356 1112 4411 aetatis
1135 4356 1221 4416 ratio,
1250 4373 1299 4410 nec
1323 4354 1437 4409 solidior
1459 4353 1577 4407 eruditio

279 4434 421 4489 admittat?
457 4436 521 4492 Vale
544 4438 651 4493 iterum.
696 4439 790 4494 flatum
813 4439 910 4513 Lipsiae
933 4457 1026 4496 mense
1049 4440 1170 4496 Octobri.

347 4769 568 4836 ⁷curibppeum
582 4774 640 4821 Ap
682 4772 702 4804 ¹²
720 4771 872 4838 persuadeo
884 4775 918 4823 A.
981 4772 1002 4804 ¹³
1021 4774 1174 4822 οποποιΑ.
1235 4768 1258 4802 ²⁴
1277 4767 1411 4833 curarem]
1431 4771 1576 4819 fucorioafa·

277 4860 338 4904 rirue
356 4857 403 4904 hoc
418 4857 482 4918 fecit
502 4859 708 4920 Hegendorsstaa,
728 4865 776 4906 tum
796 4858 894 4922 Liprioe
908 4863 1051 4922 poefoater.
1109 4855 1165 4887 ²2³⁰
1184 4870 1244 4904 cram
1263 4854 1345 4903 Bitho
1364 4849 1406 4916 B.]
1428 4853 1463 4901 cf.
1478 4853 1576 4902 Horat.

279 4946 331 4988 sat.
348 4939 443 4998 [730.
498 4943 606 4991 Erosmi
624 4943 712 5008 Adag.
777 4941 800 4972 ³⁰
817 4940 925 4992 Eobonl
939 4942 972 4989 A.
1043 4940 1064 4972 ³²
1082 4942 1306 5004 pooooppoooA.
1374 4937 1396 4968 ³³
1415 4938 1527 4986 imiturir
1541 4938 1576 4986 A.

279 5023 298 5055 ⁴¹
320 5023 423 5088 aetatis]
444 5043 523 5075 aranos
539 5027 597 5088 fere
617 5026 726 5076 XVIII
742 5034 790 5074 tum
809 5028 895 5076 habirit
914 5026 1031 5090 Hegend.
