4067 6209
515 782 518 786 '
570 780 708 829 LXXXV.
729 794 852 827 nvrraur
866 792 902 828 an
915 795 971 828 rra.
986 795 1076 828 rravn
1090 796 1131 829 ar.
1146 796 1172 829 n.
1186 790 1220 831 tt.
1234 795 1298 831 avc.
1315 789 1372 830 tols.
1488 841 1492 847 ,
1546 766 1616 836 187

283 998 287 1009 .
326 949 444 1028 quando
472 947 650 1026 dirulgaluur
681 956 725 1007 est
753 936 887 1008 εὕδοντι
909 940 1031 1026 κύρτος
1053 945 1148 1028 αἱρεῖ.
1195 950 1236 1010 Do
1259 969 1305 1010 rue
1334 952 1375 1011 sic
1402 950 1493 1011 habe:
1521 950 1618 1010 adbuc
1628 954 1646 1003 1-
1656 952 1686 995 ¹¹·

326 1053 354 1110 in
377 1050 489 1110 Alberti
511 1051 651 1127 principis
674 1050 738 1109 aida
762 1069 917 1119 exerceor,
949 1052 1111 1129 scripsique
1138 1070 1192 1129 per
1220 1053 1341 1130 negocia
1369 1060 1511 1130 quantum
1539 1052 1621 1113 licuit

325 1160 435 1230 prater
457 1152 620 1211 orationem
643 1151 678 1211 ad
701 1152 850 1229 principes
877 1152 1104 1212 exhortatoriam
1135 1153 1266 1231 dialogos
1288 1151 1413 1232 aliquot,
1442 1155 1519 1214 inter
1546 1172 1620 1232 quos

327 1262 371 1315 est
393 1254 429 1314 de
451 1255 507 1312 rita
531 1252 623 1313 aulica
645 1271 705 1311 non
728 1254 847 1313 omnino
875 1254 1108 1314 contemnendus
1138 1254 1279 1323 arbitror,
1309 1273 1396 1334 quem
1424 1273 1503 1315 nunc
1531 1255 1620 1315 edere

303 1364 414 1434 ⁵paro:
443 1373 510 1414 uani
538 1355 585 1414 bic
615 1356 781 1431 composui,
813 1354 956 1415 Stromeri
983 1357 1088 1416 medici
1111 1358 1264 1423 instinctu.
1294 1357 1342 1436 qui
1365 1375 1412 1415 me
1434 1355 1620 1434 singulariter

326 1463 405 1517 amat
427 1464 455 1516 et
478 1475 566 1535 quem
588 1475 643 1532 ego
666 1457 789 1515 vicissim
813 1457 898 1516 nilico
914 1456 997 1525 colo;
1021 1457 1113 1517 Nemo
1129 1459 1232 1517 reririt
1248 1458 1326 1518 etad
1343 1456 1464 1518 Crotum
1480 1458 1617 1517 mittitur:

326 1576 417 1636 super
440 1577 498 1636 qno
521 1563 700 1635 nugamento
723 1557 813 1617 debes
835 1556 975 1617 Italorum
998 1558 1102 1618 iudicia
1128 1558 1291 1636 explorare.
1335 1559 1476 1619 Erasmus
1498 1558 1618 1619 Basileae
1629 1562 1686 1612 1-16·

326 1661 385 1738 agit
406 1678 481 1720 nova
503 1661 610 1719 iteruin
633 1659 758 1727 cudeus;
788 1658 940 1735 l’bilippus
962 1658 1184 1730 Melanclrtbon‚
1213 1668 1321 1737 prater
1344 1667 1461 1721 aetatem
1485 1661 1619 1721 eruditus

326 1763 452 1831 invenis,
477 1759 707 1836 Wittenbergam
730 1761 889 1820 accersitus
912 1767 969 1828 est,
992 1778 1052 1820 non
1075 1760 1208 1821 illiberali
1232 1761 1352 1831 salario,
1381 1763 1499 1823 Graecas
1521 1762 1619 1822 literas

293 1847 360 1925 ¹⁰'ut
383 1864 495 1923 doceat.
541 1880 599 1940 qno
622 1862 708 1920 etiarn
731 1862 780 1940 qui
803 1860 946 1921 llebraiea
968 1861 1122 1940 praelegat,
1153 1863 1302 1943 (peremitur.
1346 1862 1476 1923 Thomas
1498 1863 1619 1924 llnsbel-

326 1983 393 2026 mus
414 1965 562 2041 Hagenori
584 1961 709 2023 Plinium
737 1981 795 2023 una
822 1981 888 2022 cum
919 1963 1015 2023 indice
1044 1965 1119 2042 typis
1146 1965 1272 2026 cracudit.
1318 1964 1419 2042 Magna
1443 1972 1487 2024 est
1509 1965 1633 2050 studio--

314 2049 365 2126 sis
388 2065 524 2126 omnibus
547 2083 614 2125 cunr
637 2063 773 2124 barbarie
796 2063 888 2130 lucta.
911 2082 967 2141 spe
987 2065 1110 2142 ingenti,
1134 2066 1198 2126 lore
1220 2072 1253 2125 ut
1274 2066 1478 2144 perviucamus
1500 2084 1535 2126 ae
1557 2065 1619 2126 lite·

326 2167 519 2245 rae¹rigcant:
543 2170 600 2226 iarn
623 2168 701 2226 enirn
724 2166 889 2244 despectius
912 2166 1070 2227 audiuntur
1091 2167 1289 2245 nragisterculi
1312 2173 1340 2227 et
1362 2174 1443 2228 recta
1463 2166 1619 2246 scribique

326 2270 421 2331 studia
444 2270 579 2329 excitant.
625 2268 693 2328 llaec
714 2266 791 2328 rolui
814 2285 851 2327 ne
873 2269 1034 2346 ignorares
1079 2271 1142 2347 ipse
1169 2268 1276 2347 aliquid
1299 2266 1335 2328 ad
1358 2286 1405 2328 rue
1434 2269 1559 2328 vicissim
1583 2288 1617 2328 ex
1628 2274 1686 2324 au.

293 2371 421 2439 ¹⁵ltalia‚
446 2371 608 2449 prasertim
631 2371 668 2430 de
690 2377 766 2429 statu
781 2370 959 2429 Bononiensi
981 2370 1110 2431 scribito.
1156 2371 1277 2431 Crotum
1300 2370 1474 2430 commendo
1495 2371 1563 2439 tibi,
1588 2376 1685 2430 urata

327 2491 381 2550 pro
407 2478 455 2534 tna
486 2474 516 2532 in
545 2473 647 2531 doctos
670 2471 804 2531 bomines
826 2471 1004 2548 benignitate
1027 2473 1174 2533 observes.
1219 2479 1360 2550 praterea
1384 2490 1419 2532 ex
1442 2491 1490 2531 rue
1512 2471 1618 2532 saluta-

326 2573 371 2635 bis
393 2575 457 2633 istic
479 2573 519 2632 lo.
543 2573 663 2633 blariarn
692 2572 924 2634 iureconsultum
955 2582 983 2632 et
1005 2574 1220 2634 Saurornanunr
1244 2573 1431 2634 Silesitannnr
1461 2592 1527 2633 erun
1556 2573 1619 2632 aliis

326 2674 463 2735 omnibus
490 2677 607 2734 ilustris.
652 2675 718 2752 lpse
747 2677 855 2752 optime
883 2673 945 2734 vale
973 2694 1007 2735 ac
1034 2695 1081 2735 rue
1103 2693 1177 2735 ama.
1223 2664 1360 2754 Arrgnstaa
1383 2675 1617 2755 Vindelycorunr.

324 2776 373 2836 lll.
398 2776 539 2837 Calendas
561 2776 753 2854 Septembris.
1280 2783 1285 2789 “

326 3098 468 3148 Plutarch.
484 3099 669 3165 apoplrth.VI.
684 3115 709 3163 p.
718 3096 776 3147 toa.
785 3112 824 3162 sq.
838 3098 880 3146 ed.
893 3098 988 3147 Reisk.
1004 3097 1092 3146 cf.'Id.
1107 3098 1140 3147 de
1154 3097 1289 3147 Herodoti
1301 3096 1617 3163 malign.IX.p.3t)8.nq.

326 3184 461 3233 Prooerblr'
478 3172 592 3234 εὕδοντι
611 3200 635 3233 κ.
650 3199 673 3232 τ.
688 3184 711 3232 λ.
726 3184 744 3231 i.
765 3199 788 3231 e.
807 3183 963 3232 Dormienti
980 3198 1064 3231 nassa
1084 3182 1192 3231 extollit
1210 3182 1338 3246 (pisces),
1362 3185 1446 3232 nostri
1459 3184 1519 3245 fere
1537 3185 1618 3244 „Gott

327 3270 417 3333 piedt'c
440 3271 488 3318 deu
508 3271 601 3319 Seinea
623 3272 654 3317 im
673 3268 779 3331 Srblaf'
803 3271 902 3328 crinitis,
925 3268 1049 3332 frequens
1073 3269 1141 3330 aprrd
1157 3268 1394 3332 trurmurmprupboc
1416 3272 1519 3322 rricutio,
1540 3284 1563 3316 e.
1578 3284 1617 3332 gr.

326 3354 493 3418 Diogenian.
509 3356 555 3404 lv.
570 3353 611 3403 65.
626 3354 663 3402 cf.
678 3355 796 3418 interpp.
864 3352 871 3383 ¹
894 3346 1007 3402 ἔυδοντι
1026 3366 1131 3414 nepteo
1148 3343 1227 3416 oirprt'
1245 3352 1271 3401 C.
1292 3345 1404 3401 iudom
1418 3351 1476 3399 DE.
1496 3341 1571 3415 οἷιρει
1584 3352 1617 3401 E.

326 3443 382 3488 5.6.
444 3439 658 3506 ¹negotia5.6.
720 3436 847 3486 ³Oratio
866 3437 900 3484 ad
918 3425 1067 3501 principes.
1087 3436 1222 3502 Dialogus
1240 3437 1274 3486 de
1292 3438 1352 3486 vita
1371 3436 1472 3511 aulica.
1491 3437 1617 3501 nimpi).

278 3527 283 3543 '
318 3526 522 3575 'Exhortatoria
532 3527 647 3590 primurn
660 3523 763 3589 prodiit
773 3520 877 3583 (Oet.?)
890 3519 961 3569 1518.
977 3519 1032 3582 (Cf.
1046 3520 1104 3568 Iud.
1113 3520 1181 3569 bibl.
1195 3521 1232 3569 n⁰.
1247 3520 1358 3583 avla),
1370 3519 1442 3569 Aula
1452 3521 1477 3569 d.
1493 3521 1532 3569 17.
1541 3521 1617 3586 Sept.

327 3610 401 3659 1518.
416 3610 469 3671 (Cf.
484 3611 572 3659 Indic.
587 3609 715 3674 bibliogr.
729 3606 767 3656 n⁰.
781 3602 866 3667 XIX.)
936 3602 946 3633 ⁵
965 3602 1100 3653 Stromert
1117 3604 1279 3653 Aurbachia
1298 3605 1423 3669 naarai).
1493 3604 1503 3636 ¹
1521 3603 1617 3670 Nemo]

326 3711 405 3760 quem
419 3712 452 3744 ex
465 3694 515 3744 h.l.
530 3695 743 3745 reviviscentem
757 3688 899 3756 appellare
912 3687 1010 3748 solent,
1025 3690 1042 3737 i.
1051 3705 1074 3737 e.
1089 3690 1211 3738 secunda
1223 3690 1347 3739 Neminie
1360 3691 1495 3740 recensio.
1522 3692 1617 3740 Nemo.

324 3796 403 3844 marp.
420 3782 450 3828 I).
513 3780 548 3828 ad
561 3775 682 3842 Crotum]
696 3779 730 3838 ef.
741 3778 860 3841 proxime
877 3776 1034 3837 superiorem
1053 3777 1192 3839 epistolum.
1262 3773 1274 3805 ¹¹
1290 3773 1339 3823 Ph.
1354 3772 1529 3824 blela‘cehtbon
1543 3776 1619 3824 Vuit·

325 3865 476 3929 tebergam.
495 3880 574 3927 nurrp.
594 3865 626 3912 Ι).
696 3859 956 3923 ⁹Wittembergam
974 3858 1006 3907 E.
1073 3857 1092 3891 ¹¹
1115 3859 1259 3924 Hagenoae
1276 3862 1300 3907 5.
1310 3861 1333 3907 6.
1370 3859 1478 3909 Prodiit
1497 3876 1521 3909 a.
1543 3858 1616 3908 1518.

325 3951 353 3998 in
373 3949 420 3999 lol.
441 3965 494 4010 „ex
513 3947 655 3997 Hermolai
674 3946 792 3995 Barbari
811 3944 1004 3994 emendatione
1025 3950 1052 3993 et
1071 3944 1128 3994 loa.
1148 3945 1285 4009 Baptistae
1305 3942 1437 3994 Palmarii
1461 3943 1516 4008 (eet
1534 3947 1619 4009 igitur

324 4035 455 4099 repetitio
474 4034 588 4082 Venetae
609 4029 683 4080 troo.
704 4030 764 4092 iol.)
784 4046 845 4079 curn
863 4030 958 4078 Indice
978 4029 1148 4094 amplissimo
1167 4030 1224 4078 Ion.
1245 4029 1393 4090 Camertis,
1414 4030 1459 4094 qui
1477 4030 1620 4094 prodierat

324 4119 475 4183 separatim
488 4119 604 4173 Viennae
617 4118 704 4165 Pana.
722 4114 795 4164 1514.
809 4114 845 4163 4⁰.
862 4115 941 4163 Nolit.
954 4117 991 4163 lit.
1005 4116 1037 4164 de
1050 4115 1164 4164 Pliaed.
1173 4115 1233 4179 Rip.
1282 4112 1308 4147 ¹¹¹
1317 4112 1337 4146 ¹¹
1350 4112 1478 4165 studiosi.
1492 4131 1571 4180 mcrp.
1585 4117 1617 4165 Ι).

325 4202 345 4234 ¹³
359 4200 558 4267 blagilterenli.
571 4218 650 4265 ruaip.
665 4203 697 4250 Ι).
752 4199 773 4230 ¹⁶
791 4200 969 4264 benignitate
984 4199 1010 4248 C.
1067 4198 1087 4229 ¹⁷
1104 4199 1144 4249 Io.
1157 4197 1284 4266 Mariam]
1299 4200 1468 4257 Catanoenm,
1483 4216 1618 4250 commen-

324 4289 397 4337 tario
410 4288 564 4335 inl'lininm
579 4288 633 4336 iun.
650 4287 732 4335 etiam
746 4300 817 4333 nunc
832 4284 987 4333 celebrem?
999 4282 1134 4345 †a.1530.
1156 4284 1312 4335 calonum
1325 4286 1354 4334 in
1367 4285 1438 4350 elog.
1451 4300 1484 4334 ac
1494 4285 1619 4334 Fabricii

323 4371 456 4422 Bibliotb.
471 4373 533 4421 Lat.
552 4372 621 4421 mod.
642 4376 669 4419 et
687 4371 736 4419 inl.
752 4374 806 4419 act.
820 4369 842 4418 Ι.
860 4386 886 4433 p.
903 4365 975 4417 1005.
1031 4367 1239 4434 Sauromanunr]
1265 4369 1413 4435 Georgium
1437 4370 1616 4429 Saaermanu,

323 4456 437 4506 Vratisl.
456 4457 588 4516 nobilem,
609 4457 630 4505 1.
644 4457 676 4504 V.
691 4458 739 4515 D.‚
754 4454 886 4503 Bononiae
906 4458 1074 4503 rectoratmn
1094 4454 1243 4517 aliqnando
1262 4458 1417 4519 gerentou13
1437 4458 1535 4518 postea
1549 4469 1616 4517 prie-
1676 4512 1681 4533 ¹

322 4542 428 4606 positus
443 4542 619 4605 decannsqne
639 4542 666 4590 in
684 4541 776 4606 patria
789 4554 840 4587 eua
853 4538 967 4588 civitate
987 4538 1079 4588 lactus
1093 4543 1143 4587 eet.
1163 4539 1181 4599 †
1195 4554 1220 4586 a.
1235 4537 1307 4586 1527.
1361 4537 1382 4570 ¹⁸
1400 4537 1615 4587 vindelicorum.

323 4626 354 4675 F..
363 4629 388 4673 5.
398 4629 421 4674 6.
478 4626 497 4658 ¹¹
516 4627 633 4676 Kalend.
648 4627 679 4674 E.
700 4624 841 4674 Kalendas
855 4627 879 4673 5.
932 4623 1119 4672 bl.D.XVlll.
1134 4623 1194 4670 auid.
1209 4622 1241 4670 Ε.
1250 4624 1274 4668 5.
1283 4625 1306 4669 6.

805 4856 1138 4875 φ-
