4067 6209
513 778 637 832 XXXVI.
654 786 754 829 21:01³.
768 791 851 828 mm
865 789 1021 828 ntsronslo
1035 789 1165 825 unm.
1179 789 1217 824 An
1230 789 1354 827 arrum
1366 789 1458 826 texor.
1473 788 1596 828 Imm.-
1634 759 1699 834 121

563 950 643 1011 Eece
663 949 787 1021 adsunt,
811 953 842 1009 et
853 950 957 1024 prima
974 949 1094 1008 alacres
1115 948 1160 1007 ad
1176 948 1286 1006 mania
1309 947 1391 1008 Galli

640 1051 796 1112 Tormenta
816 1050 964 1110 adiiciunt
984 1051 1192 1124 excidiumque
1211 1056 1344 1124 parant,·

563 1154 656 1214 Porta
672 1153 735 1226 suit
752 1155 857 1229 positis
877 1152 991 1212 modice
1009 1155 1133 1225 firmma
1151 1153 1265 1212 eatenis

497 1277 536 1317 us
634 1257 743 1316 Peraia
760 1257 911 1314 tormentis
929 1263 1034 1329 sponte
1052 1257 1158 1315 relicta
1177 1254 1304 1323 dueum·

567 1357 635 1430 Qua
653 1359 721 1417 licet
741 1359 925 1432 irrumpunt,
946 1357 1032 1417 duris
1049 1356 1258 1432 catapirattus
1274 1358 1304 1413 in
1326 1355 1420 1415 armis

635 1461 715 1519 Pars
733 1459 866 1534 peditum
886 1465 997 1518 nostroe
1015 1461 1151 1518 maxima
1164 1461 1260 1533 qentis
1282 1464 1362 1531 erat,

564 1562 691 1636 Iamque
709 1562 886 1621 videbantur
906 1567 965 1621 toto
981 1561 1038 1620 sibi
1057 1565 1175 1621 uincere
1195 1560 1311 1632 Marte,

498 1684 536 1724 rso
634 1663 760 1738 Iamque
778 1662 849 1736 sere
870 1665 986 1723 illuvies
1007 1670 1068 1722 tata
1088 1669 1210 1738 recepta
1225 1661 1306 1735 suit:

565 1764 660 1842 Rupit
674 1765 712 1824 ab
729 1765 846 1824 insidiis
863 1765 944 1839 quod
963 1767 995 1824 in
1015 1767 1103 1824 istum
1124 1767 1261 1824 iussimus
1280 1780 1366 1823 oseem

467 1859 469 1861 ’
642 1865 762 1926 Talibus
782 1867 944 1942 hospitibus
958 1868 1017 1925 tale
1038 1868 1115 1926 darc
1135 1866 1309 1941 hospitium:

566 1967 656 2029 Hane
678 1978 705 2028 te
723 1966 811 2040 serre
832 1971 950 2044 stipem,
973 1970 1058 2029 mites
1079 1970 1242 2039 Germane,
1262 1969 1398 2047 decebat,

499 2087 538 2129 rss
636 2069 712 2130 Hae
731 2076 800 2130 crat
819 2070 920 2144 afficio
937 2074 1040 2145 qratia
1062 2072 1156 2144 diona
1172 2076 1231 2130 tuo.

569 2160 649 2243 Ouid
667 2172 802 2246 reseram
822 2180 965 2248 quantam
987 2174 1138 2233 ediderint
1157 2180 1302 2233 tormenta
1325 2169 1470 2233 ruinam?

640 2274 754 2334 Horret
773 2275 875 2334 adbuc
895 2276 1012 2334 animus
1033 2281 1063 2335 et
1082 2278 1247 2335 meminisse
1265 2283 1434 2349 prodeest:

567 2377 723 2437 Pelluntur
746 2377 848 2438 Veneti
867 2377 996 2437 imbelles
1018 2378 1155 2453 Gallique
1174 2380 1318 2451 minaces,

500 2495 540 2537 iss
640 2479 735 2537 Plura
754 2479 808 2539 sed
828 2481 947 2539 illorum
967 2482 1052 2540 milia
1069 2497 1150 2540 eeesa
1167 2486 1304 2540 manent:

568 2579 675 2640 Noster
697 2586 730 2639 at
750 2584 864 2641 interea
885 2584 1002 2642 uictrici
1019 2585 1170 2642 exereitus
1191 2582 1260 2642 urbi

641 2683 768 2742 Advenit
786 2690 815 2743 et
834 2685 960 2758 spolium
976 2687 1189 2760 relliquiasque
1207 2686 1286 2759 leqii.

573 2782 663 2855 Quem
683 2801 764 2844 nune
782 2802 850 2844 eece
868 2788 926 2844 iuis
947 2788 1085 2846 uictorem
1107 2790 1206 2847 cernis
1228 2790 1258 2845 in
1281 2790 1356 2859 oris,

501 2904 540 2946 272
639 2886 700 2945 l‘ro
721 2893 762 2959 te,
783 2904 841 2963 pro
860 2890 965 2963 petria
985 2889 1102 2949 Martia
1114 2895 1226 2949 'castro
1245 2892 1342 2964 sequi,

569 2985 659 3062 Spem
678 3006 759 3048 reone
779 2991 893 3050 interea
915 2991 968 3050 tibi
986 3008 1040 3051 nos
1059 2994 1283 3066 promittimus,
1305 2999 1338 3050 ut
1357 2994 1396 3050 sit

644 3090 728 3160 Qieod
747 3094 845 3151 maius
866 3096 956 3153 merito
974 3096 1139 3169 polliceare
1160 3093 1228 3162 tibi,-

573 3190 611 3250 dt
630 3200 746 3251 taceam
766 3204 895 3267 quantas
912 3211 971 3270 pro
991 3212 1024 3255 se
1047 3196 1211 3255 Germania
1232 3197 1323 3266 uires,

503 3310 540 3349 us
640 3293 715 3363 Quot
735 3302 826 3368 queat
844 3298 965 3357 inuictos
983 3299 1098 3357 mittere
1114 3300 1177 3357 sota
1200 3297 1307 3357 duces:

574 3394 712 3470 ilnparus
730 3398 846 3457 aceedit
862 3415 992 3473 papante
1007 3416 1137 3474 acerque
1158 3398 1308 3459 Bobemus

640 3497 681 3556 Et
699 3500 752 3571 qui
772 3507 857 3558 uasta
876 3501 971 3573 ferox
992 3518 1070 3561 rura
1093 3502 1223 3561 Polanus
1245 3508 1331 3569 arai‚·

571 3599 664 3658 Dreeet
685 3600 723 3659 ab
743 3601 866 3660 occiduo
887 3610 1001 3662 turmas
1020 3602 1176 3678 Hispanus
1195 3603 1299 3676 Ibero,

503 3720 540 3760 no
639 3702 720 3759 Fida
741 3719 826 3761 suam
847 3704 929 3763 nobis
950 3704 1062 3778 dualia
1082 3708 1175 3765 mittet
1193 3720 1289 3780 opem.

569 3802 666 3876 Finqe
687 3820 744 3877 aqe
764 3820 822 3863 nore
843 3808 954 3880 atiquoe
971 3809 1062 3878 uires,
1084 3824 1143 3866 nore
1165 3810 1228 3867 ulle
1247 3810 1410 3881 sequantur

642 3906 780 3978 Aemilia,
803 3904 945 3980 Anqustee
964 3908 1164 3969 destineantur
1184 3925 1267 3984 opes,

490 4016 495 4026 '
569 4005 641 4067 Sola
659 4015 756 4084 potest
784 4011 905 4070 Venetos
926 4012 1128 4093 tumidumque
1148 4014 1295 4091 repellere
1318 4011 1437 4070 Gallum

503 4126 541 4168 ess
639 4109 730 4170 Sueta
752 4111 804 4170 diu
825 4115 899 4171 toles
918 4115 1037 4173 uincere
1058 4119 1160 4172 nostra
1181 4115 1294 4173 domus.

570 4210 609 4270 Et
625 4228 691 4271 mea
709 4227 769 4272 nan
790 4229 849 4272 uno
864 4221 1000 4274 contenta
1022 4221 1066 4275 est
1086 4216 1208 4274 dustria
1229 4233 1337 4291 reqno,

642 4314 742 4373 Mater
762 4320 792 4374 et
811 4317 974 4377 innumeris
996 4318 1116 4392 reqibus
1137 4319 1192 4377 itta
1209 4316 1289 4390 suit:

568 4416 658 4476 Illius
679 4418 811 4491 aspicias
827 4422 951 4493 populis
967 4419 1142 4493 florentibus
1163 4419 1265 4492 urbes,

503 4537 540 4578 uss
642 4518 795 4580 Gallorum
816 4522 894 4580 uires
913 4521 1029 4581 disemis
1047 4538 1110 4582 esse
1131 4521 1216 4580 nibil.

572 4620 636 4690 Qua
653 4623 717 4679 sola
745 4622 884 4681 Venetam
900 4623 1008 4683 uirtute
1022 4626 1159 4698 potentia
1177 4621 1284 4693 fracta
1303 4629 1357 4692 est,

641 4722 730 4782 Hane
751 4723 816 4796 tibi,
838 4728 866 4783 si
886 4728 998 4796 neseis,
1023 4726 1144 4784 niustria
1164 4719 1228 4783 sola
1248 4723 1339 4782 dedit.

485 4940 518 4973 Ν
537 4941 665 4992 cathenis
678 4945 704 4993 2.
713 4945 739 4993 3.
809 4940 843 4974 ²⁵⁷
861 4943 1062 5008 cataphractus
1076 4947 1101 4993 5.
1171 4940 1206 4975 ²⁸⁵
1223 4940 1434 5007 qdiderintt.i.
1504 4937 1538 4971 ²⁶⁸
1555 4937 1715 4989 millium.

417 5025 451 5059 ”⁰
469 5024 694 5094 reilinquissqqt.
759 5025 948 5094 reliquiasque
961 5032 986 5079 5.
1003 5020 1206 5094 κατάφρακτος
1268 5024 1307 5091 lm
1325 5023 1474 5092 Hyiponus
1486 5026 1512 5074 2.
1578 5022 1611 5056 ’Μ
1629 5024 1716 5075 Sueba

418 5116 561 5177 utrumque
579 5113 627 5167 diu
639 5115 712 5164 vinc.
727 5116 800 5163 3...5.
853 5112 886 5146 ²⁸⁹
899 5115 962 5176 Quo
975 5116 1060 5166 toties
1072 5115 1210 5166 Venetam
1224 5114 1297 5162 3...5.
