4067 6209
447 804 565 876 xxvtt
594 815 720 855 mmm
732 814 769 850 so
781 810 965 851 ursorrcarrr
977 809 1013 845 ns
1027 806 1137 845 nvom
1150 804 1372 844 consonarum.
1392 797 1593 842 masmanna.
1629 772 1674 844 51

378 994 483 1038 sarum
505 992 560 1036 rex
582 972 768 1050 llarpagum,
791 969 839 1030 cui
860 966 935 1028 tilios
957 962 1121 1041 epulandos
1142 963 1286 1040 apposuit,
1309 968 1338 1023 et
1360 971 1559 1025 comestorum
1582 967 1676 1043 capita

380 1077 500 1139 mendi
527 1075 676 1154 praecepit.
731 1069 855 1132 Pudebit
883 1066 1040 1146 aliquando
1068 1064 1126 1143 legi
1154 1066 1267 1143 aequius
1295 1063 1329 1133 0.
1357 1064 1493 1128 llartinm
1522 1069 1599 1129 unici
1627 1068 1747 1129 tiliis-tt.

381 1186 510 1241 mortum
531 1176 647 1246 tulisse,
670 1191 759 1253 quam
780 1181 810 1232 te
832 1176 1016 1248 ex.q11atnor
1038 1168 1140 1228 unius:
1164 1174 1193 1227 et
1213 1165 1262 1244 ille
1284 1166 1402 1245 quidem
1424 1171 1522 1229 statim
1543 1171 1680 1231 alunere

381 1282 419 1342 sd
442 1279 623 1341 senatorium
646 1292 753 1337 munus
775 1273 876 1341 rediit;
898 1280 931 1331 tu
953 1270 1029 1330 dnos
1050 1271 1108 1330 iam
1130 1286 1246 1330 menses
1267 1267 1383 1329 tristitia
1406 1271 1591 1332 contlictaris.
1630 1272 1748 1334 visco.

361 1392 412 1448 set
426 1382 614 1444 foeminarum
628 1379 658 1437 in
673 1378 730 1438 boe
744 1393 853 1454 genere
867 1372 1068 1434 tortitudinem
1083 1371 1204 1432 audiret
1227 1370 1388 1431 Duodecim
1405 1371 1566 1434 liberorum
1583 1373 1681 1435 obitus

383 1492 525 1545 strennue
545 1480 612 1542 tulit
634 1477 768 1540 Cornelia
790 1476 937 1544 Romana,
965 1473 1072 1536 Rutilia
1095 1472 1185 1534 Cottae
1207 1472 1272 1541 lilii,
1296 1472 1374 1533 Liria
1393 1473 1495 1544 Drusi3
1525 1483 1568 1546 et,
1591 1483 1624 1536 ut
1645 1494 1680 1537 ex

382 1586 477 1647 saeris
498 1600 606 1662 ponam
628 1580 754 1660 aliquid,
786 1578 834 1640 illa
857 1576 1023 1638 llacbabaea
1045 1575 1151 1637 mulier
1174 1582 1281 1654 quanta
1306 1574 1359 1635 tibi
1381 1575 1508 1646 videtur,
1532 1596 1589 1655 qua
1617 1597 1680 1640 mu·

385 1688 446 1747 nita
468 1684 654 1752 fortitudine,
678 1701 743 1762 quae
764 1688 877 1759 septem
899 1680 1013 1756 integra
1035 1685 1119 1738 etate
1141 1675 1215 1737 filios
1237 1675 1381 1754 supplicio
1404 1678 1480 1739 allici
1502 1674 1597 1740 vetula
1620 1699 1679 1741 non
1777 1731 1780 1738 .

382 1788 526 1867 spectant
547 1785 653 1853 modo,
675 1784 728 1845 sed
743 1791 772 1845 et
786 1783 901 1843 hortata
917 1787 961 1841 est
976 1780 1012 1840 ad
1029 1779 1143 1840 sortiter
1158 1777 1296 1839 serendos
1311 1780 1477 1840 eruciatus?
1499 1782 1560 1859 Age
1580 1789 1678 1850 antem
1688 1794 1708 1845 t.
1716 1795 1750 1840 tt.

349 1895 419 1953 isut
440 1890 591 1950 mittamus
613 1887 731 1964 antiqua
753 1886 822 1953 ista,
846 1882 932 1961 quale
953 1882 1010 1942 boc
1032 1889 1149 1959 tempus
1171 1880 1349 1949 tortitudinis
1371 1881 1538 1959 exemplum
1561 1883 1614 1944 tibi
1629 1885 1682 1945 ob·

383 1991 465 2051 iicit‘l
487 1990 533 2050 En
553 1988 635 2049 illum
657 1987 723 2048 ride
738 1984 965 2047 llarimiliannm
981 1983 1141 2051 Caesarem,
1165 1984 1229 2061 qni,
1253 1983 1282 2041 in
1304 1990 1385 2042 tanta
1407 1984 1539 2055 fortuna,
1563 1986 1682 2047 unicum

384 2092 477 2154 tilium
500 2091 681 2169 iniquissimo
701 2097 836 2166 tempore
858 2087 997 2146 amissum
1021 2083 1169 2162 quomodo
1190 2082 1274 2143 tnlit‘t
1296 2091 1378 2144 corte
1402 2092 1515 2145 tantum
1534 2086 1683 2164 aplebeio

384 2194 435 2255 illo
458 2192 540 2254 luctu
561 2191 668 2259 abluit,
690 2198 723 2251 ut
745 2197 774 2251 et
794 2188 920 2256 bellum,
945 2186 1024 2265 quod
1047 2186 1076 2245 in
1099 2184 1225 2246 Venetos
1247 2192 1310 2245 erat
1332 2186 1389 2245 iam
1419 2194 1491 2248 ante
1515 2188 1673 2251 meditatus

386 2302 631 2374 prosequeretur,
665 2301 694 2352 et
722 2290 900 2353 Geldrorum
929 2296 1051 2349 conatus
1078 2289 1254 2366 reprimeret
1287 2304 1322 2347 ac
1349 2305 1439 2347 novos
1465 2290 1495 2349 in
1524 2290 1682 2353 Pannoniis

350 2404 486 2462 umotus
507 2395 652 2455 sedandos
674 2399 800 2454 curaret.
846 2392 882 2452 Et
902 2398 965 2451 erat
986 2391 1011 2450 is
1032 2389 1108 2451 filius
1130 2388 1306 2466 non‘solum
1324 2388 1389 2449 talis
1404 2391 1520 2469 qualem
1536 2393 1584 2454 hie
1598 2403 1751 2473 paternos.

387 2499 444 2559 sibi
466 2496 553 2558 vellet
573 2497 668 2565 nasci,
691 2496 742 2556 sed
766 2503 794 2555 et
808 2495 907 2554 Asiam
929 2500 957 2552 et
980 2492 1129 2570 Europam
1151 2492 1197 2552 sni
1218 2491 1410 2552 admiratione
1432 2496 1569 2555 attonitas
1590 2513 1684 2576 prope

388 2602 513 2661 lecerat:
547 2598 576 2659 id
599 2597 679 2677 quod
701 2615 736 2657 eo
759 2604 876 2656 mortuo
899 2595 1050 2673 cognitum
1072 2601 1131 2653 est:
1164 2601 1278 2654 tantum
1308 2594 1385 2655 enim
1407 2594 1444 2655 ab
1467 2597 1586 2659 interitu
1608 2598 1685 2661 illius

387 2703 452 2763 ausi
474 2708 543 2761 sunt
563 2700 691 2769 finitimi,
708 2696 862 2777 'qnantum
883 2697 913 2756 in
935 2697 992 2756 vita
1022 2696 1187 2755 timuerant.
1232 2696 1310 2756 llevit
1338 2705 1479 2774 praeterea
1507 2698 1589 2761 illum
1612 2702 1684 2763 Ger·

388 2804 501 2872 martia,
530 2800 669 2861 luxenmt
689 2800 848 2879 Hispaniae,
883 2797 1142 2875 Burgundionibus
1164 2815 1232 2875 spes
1254 2815 1306 2858 sua
1334 2798 1493 2871 intercidit,
1528 2801 1685 2865 Pannoniae

354 2904 480 2967 ssdeum
507 2910 698 2966 accusarunt:
720 2901 853 2963 'babebat
883 2918 1010 2979 namque
1039 2917 1142 2959 omnes
1164 2917 1347 2960 stlnlmoruttl
1370 2903 1536 2980 principum
1565 2906 1687 2968 virtutes

390 3013 608 3076 consummate,
632 3004 785 3073 iustitiam,
808 3002 1027 3071 liberalitatem,
1051 3002 1292 3078 temperantiam,
1316 3002 1517 3065 fortitudinem
1540 3025 1574 3067 ae
1596 3026 1686 3086 snpra

390 3115 505 3167 aetatem
528 3105 723 3185 prudentiam.
768 3105 873 3166 deinde
895 3112 989 3164 tantas
1012 3104 1069 3163 iam
1092 3122 1140 3162 ros
1162 3122 1267 3181 gerere
1295 3112 1438 3180 coeperat,
1468 3112 1500 3165 nt
1528 3107 1599 3166 nibil
1627 3128 1685 3169 non
1757 3089 1761 3098 ’

391 3227 510 3286 sperare
532 3207 570 3268 de
591 3205 640 3266 illo
662 3208 725 3267 ansi
755 3208 812 3266 sint
839 3208 859 3266 ii
885 3204 985 3284 populi
1012 3204 1119 3283 quibus
1148 3206 1273 3283 praeluit.
1318 3204 1383 3266 Noli
1412 3213 1441 3265 te
1469 3206 1514 3266 liis
1536 3207 1684 3279 Romanis,
1696 3221 1756 3272 §.ta

391 3311 501 3371 Grecis
523 3329 558 3369 sc
579 3308 677 3368 Persis
698 3310 804 3386 partim
832 3308 957 3368 t'oeminis
985 3307 1171 3377 interiorem,
1205 3308 1338 3368 fortunas
1366 3325 1436 3368 vero
1466 3316 1530 3369 tuas
1558 3311 1603 3370 bis
1626 3311 1686 3372 Cae-

355 3438 383 3479 ae
393 3413 515 3472 sarianis
529 3410 698 3489 superiores
713 3417 826 3487 protare.
862 3408 933 3469 nibil
949 3417 976 3469 te
992 3408 1144 3486 indignum
1160 3426 1281 3469 cernere
1297 3409 1397 3478 debes,
1420 3409 1499 3488 quod
1521 3410 1569 3472 ille
1585 3413 1687 3473 mundi

395 3513 529 3574 dominus
550 3529 635 3589 aequo
657 3513 754 3571 animo
776 3511 849 3571 tulit.
883 3511 967 3581 Quod
988 3512 1013 3571 si
1035 3528 1123 3589 quam
1146 3512 1175 3570 in
1196 3510 1307 3571 ultione
1330 3511 1416 3572 liuius
1438 3513 1587 3589 parricidii
1604 3516 1756 3592 cupi-§.tt

395 3615 513 3675 dilatem
536 3613 672 3691 posuisti,
705 3613 812 3674 dubius
834 3632 898 3673 esse
920 3612 949 3673 in
976 3630 1029 3691 spe
1056 3619 1153 3690 potes,
1183 3613 1293 3672 fractus
1321 3613 1441 3673 minime
1470 3613 1574 3674 debes:
1608 3615 1688 3677 vides

395 3735 458 3793 (poce
480 3710 640 3775 ad‘votum
661 3722 729 3775 sunt
750 3723 833 3776 tuum
856 3722 957 3792 parata
981 3715 1087 3783 omnia,
1111 3732 1207 3792 opem,
1231 3712 1379 3782 auxilium,
1402 3732 1553 3775 armorum
1574 3725 1603 3777 et
1618 3736 1687 3777 con·

395 3817 524 3878 siliorum
540 3817 693 3886 liduciam3
717 3817 885 3877 coniurasse
899 3817 1053 3877 nobiscum
1069 3823 1179 3876 tantam
1196 3817 1327 3893 equiturn
1342 3814 1572 3886 multitudinem,
1595 3836 1687 3897 quan·

361 3926 455 3986 atam
476 3922 506 3979 in
528 3918 588 3980 ullo
618 3936 745 3996 unquam
773 3936 874 3978 rerum
901 3926 982 3978 motu
1005 3920 1161 3978 Germania
1189 3917 1267 3977 vidit.
1312 3925 1355 3977 tot
1384 3925 1527 3996 praeterea
1557 3922 1687 3991 comites,

395 4020 498 4082 deinde
520 4021 630 4099 aliquot
652 4021 739 4079 etiam
761 4020 909 4099 principes
931 4019 1051 4098 polliciti
1073 4019 1151 4081 ultro
1173 4019 1258 4080 nobis
1280 4028 1348 4081 sunt
1370 4038 1435 4099 qum
1463 4023 1584 4099 possint.
1629 4024 1686 4085 Sed
1698 4031 1758 4081 tto.

397 4140 449 4183 uos
469 4130 572 4202 optare
594 4120 736 4184 debemus
758 4122 891 4190 minime,
920 4129 952 4182 ut
974 4122 1010 4182 ad
1034 4140 1115 4182 arma
1139 4140 1186 4183 res
1209 4124 1375 4200 perveniat;
1404 4141 1469 4202 quie
1498 4132 1596 4186 tamen
1619 4144 1687 4204 pro·

396 4225 452 4285 visa
475 4241 540 4285 esse
561 4222 632 4283 nihil
655 4223 791 4301 impedit,
824 4224 1062 4302 quamloquidem
1092 4224 1128 4284 ad
1152 4232 1272 4286 externa
1302 4227 1356 4286 iste
1383 4225 1489 4286 aornilia
1516 4228 1610 4288 fertur
1635 4229 1686 4289 ad·
1731 4282 1733 4286 ,

396 4327 520 4402 spirare:
544 4333 572 4386 et
595 4326 677 4402 prins
699 4326 796 4385 omnia
820 4333 933 4387 certum
956 4334 1000 4387 est
1023 4327 1165 4403 experiri,
1194 4344 1282 4405 quam
1311 4329 1421 4387 nostris
1442 4330 1531 4387 armis
1553 4328 1690 4390 turbetur

364 4427 564 4488 ssGermania:
587 4425 664 4486 bona
685 4428 784 4505 itaque
806 4445 874 4506 spes
897 4436 941 4487 est
963 4435 1174 4488 consecuturos
1197 4430 1293 4488 omnia
1316 4446 1371 4488 nos
1393 4446 1426 4488 ea
1449 4448 1515 4507 quen
1545 4431 1608 4490 iure
1638 4430 1689 4490 de·

397 4513 515 4599 beetur,
549 4536 578 4589 et
599 4530 687 4589 istum
709 4529 772 4589 sine
794 4537 895 4589 nostro
917 4528 1065 4607 periculo,
1099 4530 1161 4590 sine
1189 4529 1307 4607 publico
1336 4530 1462 4591 tumultu
1501 4549 1574 4608 uuas
1602 4530 1690 4591 debet

396 4648 494 4709 peenas
515 4630 601 4690 nobis
623 4630 775 4700 daturum,
810 4649 877 4692 oum
906 4632 973 4710 quia
1002 4633 1106 4710 ingens
1128 4640 1156 4692 et
1178 4633 1241 4692 sino
1264 4630 1397 4709 exemplo
1426 4639 1470 4690 est
1497 4631 1554 4692 boc
1580 4630 1687 4701 scelus,

391 4739 455 4793 tum
470 4752 540 4795 vero
555 4733 644 4812 qnod,
668 4734 722 4792 nisi
745 4734 892 4811 puniatur,
915 4734 1003 4794 timor
1026 4742 1070 4794 ost
1092 4734 1189 4793 omnia
1212 4750 1315 4792 omnes
1337 4749 1471 4792 ausuros.
1515 4731 1600 4792 Certe
1622 4732 1688 4792 talis
1697 4733 1757 4784 2⁴⁶·

397 4844 438 4894 est
458 4835 571 4903 Cresar,
595 4836 645 4912 qui
667 4836 743 4896 banc
765 4835 802 4895 de
824 4853 856 4897 se
877 4836 1029 4897 bominum
1053 4837 1220 4913 opinionem
1242 4850 1301 4893 non
1330 4832 1460 4901 deseret;
1490 4832 1629 4893 recedere
1651 4833 1688 4893 ab

459 5037 781 5105 'ponamafferama‘t
828 5040 1030 5091 ''etom.A.2.
1066 5036 1126 5104 illo]
1139 5042 1219 5088 molitu
1231 5037 1279 5088 ille
1320 5036 1341 5069 ²¹
1355 5039 1515 5087 consumente
1527 5036 1553 5085 2.
1588 5031 1689 5099 ”lertl
1749 5096 1754 5104 ι

396 5123 518 5188 turstatt
553 5128 706 5189 unquamd.
741 5126 763 5158 ²⁸
781 5124 819 5190 et]
839 5140 874 5176 ae
892 5127 959 5176 rte.
1003 5126 1026 5158 ²⁹
1044 5125 1168 5176 fidutiam
1182 5127 1215 5174 Α.
1509 5186 1555 5250 4*
