4067 6209
397 792 477 844 CCV.
492 807 574 844 urrr.
590 806 676 842 eamr.
691 807 728 842 nn
741 806 853 844 evanuit
866 806 967 842 eroum
981 807 1007 842 x.
1036 789 1129 842 CCVI.
1144 804 1181 841 no
1194 804 1307 842 1111111111
1319 806 1467 843 aemonio.
1516 775 1585 849 431

294 964 375 1024 dacia
399 964 521 1031 eiiieiat,
551 961 643 1023 multo
666 970 733 1022 aute
756 962 909 1022 caremus?
942 963 1048 1033 Quaeso
1067 970 1121 1020 'ros
1143 979 1197 1039 per
1219 960 1414 1022 immortalem
1436 961 1593 1033 Christum,
1604 974 1649 1027 §.a

294 1066 414 1145 qrrando
444 1071 645 1144 opportunum
673 1065 766 1141 magis
794 1064 1007 1140 tempusiuit,
1041 1063 1159 1141 qnando
1188 1062 1291 1123 melior
1319 1065 1433 1124 occasio
1463 1065 1542 1125 dedit
1564 1084 1597 1125 se

295 1167 405 1245 aliquid
429 1167 577 1227 Germano
606 1166 726 1244 dignum
755 1165 873 1224 nomino
902 1165 1039 1241 gerendi?
1074 1164 1177 1226 Omnia
1206 1166 1308 1226 videtis
1335 1185 1370 1224 eo
1398 1166 1534 1235 tendere,
1564 1174 1596 1228 ut

294 1287 362 1347 spes
384 1270 435 1337 sit,
459 1274 567 1346 quanta
590 1283 740 1345 nunquam
763 1268 860 1344 prius,
884 1268 1044 1326 extinctum
1063 1268 1099 1327 iri
1114 1267 1190 1326 lianc
1203 1267 1404 1348 tyrannidem,
1428 1268 1474 1327 isti
1490 1268 1596 1328 morbo

272 1370 471 1429 amedieinam
500 1369 677 1428 adfuturam.
723 1367 807 1440 Quod
837 1368 942 1428 audete
973 1368 1090 1429 tandem
1120 1386 1155 1430 ac
1182 1369 1327 1446 perficito!
1359 1368 1423 1429 Non
1446 1370 1650 1460 Lutherus'tss.

295 1472 392 1546 agitur
414 1471 471 1530 boe
493 1470 521 1529 in
544 1470 676 1548 negotio,
699 1470 751 1529 sed
775 1470 810 1529 ad
834 1488 935 1529 omnes
959 1472 1099 1547 pertinet.
1124 1469 1261 1549 quioquid
1285 1478 1344 1537 est;
1374 1489 1429 1530 nec
1450 1472 1479 1530 iu
1505 1467 1605 1532 unum'

296 1574 464 1652 quempiam
493 1572 540 1632 liic
567 1571 720 1647 stringitur
748 1570 877 1649 gladius,
906 1571 958 1630 sed
988 1571 1103 1649 publice
1126 1589 1347 1649 oppugnamur:
1378 1571 1482 1661 nolunt
1503 1572 1596 1633 reela·

296 1674 370 1734 mari
393 1692 453 1733 suae
475 1674 634 1751 tyrannidi,
658 1691 726 1732 siras
749 1671 868 1732 fraudes
890 1672 987 1750 detegi
1009 1672 1126 1742 nolunt,
1150 1692 1278 1751 suosque
1297 1673 1404 1751 aperiri
1420 1673 1517 1743 lucos,
1541 1693 1595 1734 sno

297 1776 390 1836 furori
420 1775 535 1841 obsisti,
567 1793 627 1833 snae
655 1782 830 1852 grassatura
859 1774 1100 1852 impedimentum
1128 1775 1200 1835 fieri.
1245 1776 1308 1834 lloo
1330 1776 1425 1852 ipsum
1452 1785 1495 1836 est
1517 1776 1651 1856 prodi-³.

263 1893 289 1933 ro
298 1876 487 1953 indignantur
510 1876 648 1954 quodque
670 1877 799 1935 fremunt
820 1893 914 1953 usquo
936 1877 1024 1946 adeo,
1053 1884 1086 1936 ut
1108 1894 1140 1937 se
1162 1877 1281 1937 minime
1304 1877 1411 1937 doctore
1439 1885 1526 1955 agant
1548 1879 1597 1939 ibi.

299 1977 384 2049 Otrod
408 1977 560 2037 manifeste
582 1978 714 2037 ridentes
736 1996 800 2046 ros,
825 1977 893 2056 quid
917 1978 1036 2037 tandem
1059 1979 1168 2056 agetis?
1196 1979 1274 2056 quod
1297 1979 1451 2039 eonsilium
1474 1981 1598 2041 inibitisi

300 2079 345 2140 lle
367 2078 486 2159 <pridem
509 2080 533 2138 si
555 2080 692 2147 audietis
717 2080 883 2139 Germanos
906 2098 969 2139 esse
991 2097 1043 2138 ros
1065 2080 1265 2140 meminerim.
1304 2083 1375 2153 Quae
1393 2100 1449 2141 una
1467 2101 1596 2142 commo-

300 2181 370 2239 nitio
399 2181 468 2238 satis
497 2197 562 2239 esse
590 2179 692 2248 debet,
722 2187 754 2240 nt
782 2181 845 2240 liare
872 2181 1032 2241 vindicetis.
1077 2180 1139 2259 Ego
1162 2200 1240 2242 nunc
1262 2190 1360 2242 restro
1389 2191 1417 2243 et
1446 2186 1594 2245 communi
1604 2192 1650 2243 §.⁵-

300 2283 418 2341 nomine
446 2279 609 2358 periclitor,
638 2282 690 2341 sed
719 2280 860 2342 libenter:
897 2284 1026 2360 primum
1055 2283 1132 2342 enim
1166 2284 1233 2343 lacti
1267 2286 1401 2344 conscius
1433 2287 1505 2347 milri
1532 2305 1597 2347 sum

265 2404 291 2444 1⁵
301 2383 507 2461 pulclierrimi;
540 2382 646 2443 deinde
669 2401 727 2442 non
756 2401 843 2462 spero
866 2384 1016 2453 iam,.sod
1047 2403 1101 2461 pro
1130 2391 1211 2444 certo
1239 2385 1334 2445 liabeo
1364 2387 1465 2454 etiarn,
1496 2406 1599 2448 omnes

302 2504 352 2543 vos
366 2484 468 2544 eadem
492 2483 648 2562 aliquando
663 2503 787 2544 ausuros
803 2502 928 2544 meeum.
966 2485 1035 2545 llaec
1051 2505 1119 2545 vero
1135 2485 1217 2546 Bulla
1239 2495 1270 2546 ut
1290 2486 1491 2564 publicaretur
1511 2509 1599 2559 nnnc,
1610 2494 1656 2545 tt.

302 2586 409 2646 author
431 2586 473 2645 iui
496 2585 534 2645 ob
557 2586 600 2654 id,
624 2594 656 2645 ut
679 2604 747 2646 enm
769 2585 920 2661 legeretis,
945 2586 1030 2647 facile
1053 2588 1090 2647 ab
1106 2606 1162 2648 una
1179 2588 1330 2648 disceretis
1345 2608 1456 2649 omnes.
1492 2589 1599 2651 Valete

311 2973 531 3055 ΜΨ]
545 3047 562 3052 ..
887 2975 1021 3052 CCVI·
1078 2976 1216 3046 [exarare
1231 2994 1295 3028 nor.
1310 2994 1364 3029 vnn
1381 2996 1504 3031 ranrnru
1517 2976 1591 3046 uae]

1279 3062 1305 3095 1.
1326 3056 1385 3096 toro.

270 3206 297 3245 ao
610 3177 842 3260 [uvrrunvs
863 3181 913 3241 ln
935 3182 967 3241 l'.
991 3182 1029 3241 111.
1053 3181 1207 3242 LEONEltl
1230 3182 1281 3263 ll]

389 3315 458 3376 llne
479 3333 570 3393 super
592 3313 674 3373 Bnlla
699 3315 940 3384 mamburnos,
965 3316 1097 3376 Pontifex
1122 3316 1195 3386 Leo,
1219 3337 1307 3396 quam
1330 3317 1659 3396 inmutationem.

306 3418 447 3477 contineri
470 3416 547 3495 apud
569 3407 703 3476 sirictnm
726 3416 845 3476 Petrum
874 3424 906 3477 ut
934 3426 1078 3495 perpetuo
1100 3419 1218 3488 lateret,
1247 3438 1335 3498 qnam
1357 3427 1528 3480 tantorum
1551 3438 1605 3498 pu-

244 3559 247 3565 ·
306 3519 378 3579 dore
402 3520 434 3596 (si
456 3526 485 3578 te
509 3518 596 3577 modo
619 3519 710 3595 pudet
732 3518 894 3599 dedecoris]
918 3520 997 3578 locas
1021 3522 1100 3580 etin
1123 3520 1220 3579 lucem
1243 3522 1343 3581 emitti.
1380 3519 1477 3591 Quare
1493 3540 1530 3580 ue
1546 3537 1606 3581 non

307 3637 423 3698 semper
451 3619 558 3699 aliquid
587 3628 668 3680 recte
695 3638 867 3680 moneamus
894 3629 939 3690 te,
970 3623 1102 3698 precium
1129 3640 1227 3699 operae
1256 3629 1299 3681 est
1328 3624 1373 3681 isti
1402 3631 1460 3683 tuae
1483 3622 1606 3682 licentiae

272 3721 429 3783 atmodum
451 3728 579 3781 statuere
602 3729 630 3780 et
652 3721 816 3800 petulantes
839 3723 926 3783 buius
948 3724 1065 3798 generis
1087 3722 1187 3783 Bullas
1209 3725 1349 3792 fraenare,
1373 3742 1410 3783 ne
1431 3723 1498 3802 plus
1520 3742 1605 3803 aequo

307 3841 338 3882 se
361 3823 520 3883 effundant.
565 3821 673 3882 Paulus
695 3821 776 3883 iubet
798 3826 884 3884 etiam
907 3842 923 3883 a
946 3826 1044 3901 specie
1067 3823 1134 3883 mali
1158 3824 1304 3884 abstinere
1328 3832 1371 3893 te;
1405 3832 1485 3885 tanto
1508 3805 1660 3889 minusne.

308 3924 399 3985 debes
421 3931 554 4002 apertum
579 3933 607 3984 te
630 3923 838 3986 offendiculum
861 3926 995 4003 praebere
1017 3925 1127 4004 populo
1149 3926 1327 3994 Christiano,
1352 3927 1399 3986 cui
1414 3927 1471 3987 iam
1487 3936 1608 4005 persta·

308 4044 374 4085 sum
396 4026 451 4103 ipsi
473 4045 590 4105 quoque
614 4032 672 4096 est,
695 4028 725 4086 in
748 4027 904 4088 Germania
926 4028 1106 4105 praesertim,
1131 4047 1166 4088 ex
1189 4027 1404 4107 pontificalibus
1426 4030 1609 4088 constitutio·

309 4127 410 4196 tribuo,
433 4135 466 4188 ut
487 4130 569 4188 numi
590 4128 677 4207 vulgo
700 4136 782 4197 sunt,
806 4136 886 4189 tanto
902 4146 1049 4208 quamque
1070 4130 1248 4190 deteriorem
1271 4148 1348 4200 esso,
1373 4136 1481 4209 quanto
1503 4132 1540 4191 sit
1562 4149 1608 4191 re·

273 4230 432 4291 nocentior.
478 4229 542 4290 Noli
565 4249 634 4290 roro
662 4237 844 4291 commutare
872 4231 1023 4291 veritatem
1051 4231 1098 4291 dei
1127 4232 1156 4291 in
1184 4231 1385 4301 mendacium,
1415 4240 1443 4293 ot
1465 4232 1663 4298 humanasra.

309 4339 420 4390 vestras
443 4332 677 4401 constitutiones,
701 4333 737 4392 ab
760 4333 878 4392 avaritia
898 4340 927 4392 et
944 4332 1103 4393 ambitione
1119 4333 1323 4412 depromptas,
1348 4335 1452 4394 dirinis
1467 4335 1609 4413 praeferre

310 4432 453 4492 mandatis
476 4440 504 4493 et
527 4434 573 4492 dei
589 4433 690 4493 verbo.
728 4433 802 4494 Illud
824 4435 958 4512 inprimis
980 4433 1088 4496 desiste
1110 4453 1212 4495 amore
1233 4433 1307 4495 lueri
1330 4437 1432 4497 dirinae
1455 4438 1664 4513 scripturam.

310 4552 428 4594 sensum
458 4536 565 4612 iniquis
594 4535 772 4615 detorquere
800 4536 896 4596 modis
925 4543 953 4595 et
982 4536 1020 4595 ab
1047 4554 1079 4597 se
1107 4535 1233 4596 alienum
1263 4537 1388 4599 reddere
1411 4558 1446 4599 ao
1468 4539 1610 4601 fascinare

447 4720 540 4771 CCVI.
575 4719 725 4770 1...o=et
745 4722 779 4771 nd
797 4723 916 4788 praeoed.
937 4738 963 4771 n.
978 4721 1059 4772 CCV.
1078 4722 1171 4772 adnot.
1191 4727 1242 4772 ost.
1273 4719 1308 4788 [61
1328 4739 1353 4789 ρ,
1367 4725 1408 4775 45.
1422 4722 1474 4791 sq.]

379 4857 462 4921 ¹per
485 4873 534 4907 ros
554 4861 578 4907 6.
639 4856 782 4923 ‘tempus
810 4860 900 4924 magis
918 4862 977 4909 Μ.
1047 4856 1227 4924 ‘numquam
1246 4863 1271 4910 4.
1348 4862 1513 4911 exstinctum
1537 4865 1610 4913 4...6.

311 4940 459 5006 ‘negocio
479 4945 504 4992 3.
559 4943 691 5007 quidquid
711 4946 736 4993 3.
796 4942 1009 5009 11(]11111114...6.
1063 4944 1268 5007 loger-itiam.
1321 4947 1611 5000 Μ.1).ΧΧ,αᾰά.5.6.

378 5023 401 5057 ⁸¹
419 5027 538 5090 pretium
558 5031 632 5078 4...6.
674 5026 697 5059 ¹⁵
716 5029 826 5078 frenare
847 5032 924 5083 ³....d
962 5030 984 5063 ²⁶
1002 5030 1118 5080 Paullus
1136 5035 1162 5081 5.
1181 5033 1296 5082 Pauli.
1312 5032 1611 5098 maurimonte.

311 5109 334 5142 ²¹
352 5110 444 5171 debet,
465 5115 489 5162 5.
502 5114 526 5163 6.
578 5112 600 5146 ⁸¹
620 5115 747 5165 auaricia
767 5116 793 5163 3.
