4067 6209
420 735 491 806 1114
545 747 658 797 XXXII·
677 758 781 795 anesin
795 758 919 793 rancori.
935 758 1016 791 uvrs.
1055 742 1184 792 XXXHI.
1207 757 1325 793 vsoreru
1340 758 1375 792 111
1390 760 1541 794 nsvcnrus.
1556 762 1597 794 nr.
1613 763 1638 795 11.
1653 754 1713 794 1516.

416 924 509 998 apello
525 927 669 977 mercatus
684 925 740 987 est,
757 920 843 975 nullis
858 935 985 990 unquam
1000 919 1105 974 secutis
1119 920 1366 974 intermoriturum
1380 917 1470 990 fama
1488 920 1584 975 decus.
1622 924 1714 993 Atque

418 1012 527 1067 utinam
550 1009 672 1061 omnium
695 1006 893 1076 benipnissimo
908 1004 1062 1059 Marenati
1083 1005 1183 1058 saltem
1199 1006 1324 1075 aliquam
1339 1005 1425 1059 buiris
1438 1008 1542 1077 pratia
1555 1010 1713 1075 portionem

418 1110 520 1169 queam
543 1093 717 1163 rependere:
741 1108 797 1145 non
820 1091 896 1160 qnod
916 1091 963 1144 itte
986 1091 1140 1160 quiequam
1155 1089 1241 1145 buius
1256 1092 1301 1144 rei
1315 1092 1358 1144 oet
1371 1092 1494 1160 postulet
1510 1093 1553 1146 aet
1566 1099 1715 1161 espectet:

418 1181 534 1253 eprepio
556 1181 646 1233 uirtus
668 1176 780 1231 abunde
802 1178 897 1245 seipso
919 1179 1052 1229 contenta
1074 1180 1130 1241 est,
1154 1191 1218 1245 prece
1241 1176 1353 1246 quidem
1375 1193 1431 1246 quo
1454 1178 1546 1230 maior
1568 1185 1609 1231 est
1625 1185 1651 1231 et
1666 1179 1716 1230 ab·

418 1265 553 1329 solutior,
576 1263 629 1317 boe
652 1264 742 1332 mapis
761 1259 869 1332 sopitat
890 1260 1021 1331 pluriam.
1055 1260 1092 1314 At
1106 1266 1175 1314 oer‘a
1190 1262 1283 1332 pluria
1298 1263 1429 1333 sequitur
1440 1260 1607 1331 sapientem.
1646 1263 1741 1316 Pul-⁵

419 1351 519 1406 ebrius
546 1355 588 1403 est
616 1349 754 1401 meruisse
779 1344 890 1417 samam
921 1362 1007 1415 quam
1035 1347 1196 1401 obtinuisse.
1219 1347 1307 1400 ’Nou
1334 1345 1428 1417 refert
1456 1347 1532 1401 iltius
1559 1349 1607 1401 cui
1635 1348 1715 1401 debe-

420 1443 483 1503 tur,
507 1439 537 1489 at
559 1439 659 1488 nostru
681 1431 789 1504 refert,
812 1447 847 1486 ne
866 1448 974 1500 parurn
994 1432 1074 1501 prati
1089 1447 1254 1502 parumque
1277 1446 1415 1485 mersiones
1437 1433 1601 1490 videamur,-
1624 1431 1717 1503 refert

353 1525 356 1530 '
421 1522 547 1584 omnino,
571 1524 602 1573 ut
623 1519 740 1588 epreyiu
763 1517 874 1571 abactis
896 1516 1030 1586 exemplo
1051 1517 1213 1586 posteritati
1233 1522 1451 1583 consecrentur,
1476 1534 1530 1587 quo
1551 1519 1652 1587 pbaes
1674 1518 1716 1569 iu-

419 1610 605 1680 stammentur
627 1605 666 1657 nd
686 1602 798 1657 honesti
818 1602 951 1656 studium.
1003 1581 1109 1656 Voriffl
1132 1603 1209 1672 quod
1230 1603 1364 1673 inaenioti
1391 1604 1484 1657 nostri
1510 1605 1633 1657 tenuitas
1661 1619 1717 1656 non

418 1696 515 1765 potest
537 1689 664 1759 assequi,
688 1688 765 1759 quod
785 1692 884 1741 nostra
907 1703 965 1742 non
988 1688 1062 1742 ualet
1081 1693 1225 1756 praestare
1246 1686 1387 1758 infantia,
1417 1688 1447 1742 id
1468 1688 1520 1741 olii
1544 1688 1717 1758 pra‘statnri
1728 1692 1751 1730 10

423 1782 505 1843 sunt,
535 1775 579 1831 uel
599 1774 653 1829 boe
675 1775 786 1828 nomine
806 1771 968 1843 feliciores,
997 1772 1075 1842 quod
1094 1773 1238 1842 pratiores
1259 1786 1320 1826 esso
1343 1770 1416 1826 lieet.
1463 1773 1521 1827 Nos
1544 1780 1637 1828 tanton
1667 1773 1717 1825 ad·

424 1864 561 1926 nitemur,
583 1862 610 1914 si
630 1860 712 1915 modo
735 1859 791 1914 vita
813 1873 907 1912 eomes
928 1859 996 1923 erit,
1020 1873 1106 1927 quam
1128 1858 1171 1912 ael
1190 1860 1218 1912 in
1242 1857 1295 1912 boe
1314 1859 1407 1926 ipsum
1422 1873 1514 1912 annos
1529 1860 1637 1929 aliquot
1647 1873 1718 1929 pro-

423 1946 502 2020 ferri
522 1946 652 2015 capiam,
676 1951 706 1998 ut
728 1946 835 2014 liqueat
857 1948 934 1997 corte
955 1948 1073 1997 concitos
1092 1940 1201 2013 fnisse,
1224 1944 1251 1997 si
1271 1944 1365 1997 minus
1387 1950 1541 1997 assecutos.
1581 1943 1638 1997 Sed
1651 1945 1719 1996 diem

424 2032 530 2088 borum
552 2045 650 2085 rerum
673 2030 841 2102 capitatione
869 2033 982 2094 teneor,
1015 2025 1099 2081 baud
1123 2029 1181 2081 scio
1210 2029 1348 2099 quomodo
1371 2042 1448 2098 pene
1477 2030 1574 2098 operis
1600 2030 1721 2082 instituti

425 2120 572 2172 immemor
593 2117 701 2171 diutius
723 2131 809 2186 quam
830 2130 889 2183 par
910 2119 968 2180 est,
992 2114 1128 2167 immoror
1149 2114 1327 2185 dipressioni.
1730 2118 1754 2156 ¹5

453 2484 565 2520 VIBNNAE
579 2483 660 2518 etus.
979 2446 1166 2522 XXXIII·

637 2639 799 2714 VbllleVS
820 2639 929 2695 POETA
951 2638 1147 2695 LbVREb'l'VS
1169 2639 1280 2695 loanni
1302 2639 1464 2696 nevarum
1487 2640 1513 2695 S.

373 2792 419 2843 §.t
516 2776 639 2832 Vlrichus
662 2775 811 2835 liutteuus,
840 2775 997 2831 doctissime
1019 2776 1155 2849 Capnion,
1184 2774 1272 2831 literis
1294 2776 1327 2831 ad
1350 2793 1392 2832 me
1421 2778 1477 2832 suis
1506 2777 1633 2833 Bononiae
1655 2778 1726 2832 datis

366 2887 368 2891 ¹
430 2862 579 2944 honorifica
603 2861 641 2916 tui
665 2862 802 2916 mentione
826 2859 911 2922 laeta,
941 2861 1006 2934 quid
1034 2861 1124 2916 bonne
1153 2861 1283 2934 prammis
1311 2862 1353 2916 bis
1382 2862 1520 2918 aiensibus
1549 2864 1576 2917 in
1606 2861 1651 2916 illa
1680 2871 1725 2917 tua

429 2966 510 3005 eausa
532 2955 621 3003 actum
645 2946 740 3008 leserit,
763 2945 830 3000 arlon
853 2946 952 3001 indicat
974 2944 1104 3007 fideliter,
1134 2955 1163 3000 ut
1186 2947 1279 3022 «litanti
1304 2954 1330 3002 te
1353 2947 1447 3009 iaciat,
1481 2949 1539 3021 ipsa
1568 2965 1616 3003 sua
1644 2947 1761 3002 vertum

431 3033 501 3090 baud
531 3032 647 3088 obscure
678 3038 822 3086 testentur.
873 3030 897 3084 ls
925 3031 1016 3086 Roman
1044 3038 1103 3085 tota
1130 3048 1217 3104 prope
1245 3039 1355 3092 astato,
1389 3039 1420 3088 ut
1448 3032 1587 3105 intelligo,
1624 3050 1726 3087 1111111111

432 3118 528 3181 traxit,
551 3116 693 3173 literarum
709 3124 736 3172 et
752 3116 778 3171 iu
796 3116 890 3189 primis
913 3115 1042 3171 noscendi
1067 3116 1133 3170 iuris
1156 3116 1251 3187 gratia.
1276 3118 1323 3172 sod
1345 3116 1394 3172 lite
1417 3118 1530 3191 qtiadam
1554 3118 1625 3172 inter
1648 3135 1677 3172 so
1700 3126 1728 3172 et

432 3203 525 3260 Gallos
547 3201 652 3275 aliquot
675 3202 710 3256 ob
733 3219 778 3255 res
801 3200 996 3256 Gemranorum
1019 3209 1127 3263 exorta,
1151 3218 1207 3256 uno
1229 3202 1354 3258 conlecto
1378 3202 1469 3263 Gallo,
1501 3203 1614 3276 reliquis
1637 3210 1727 3258 autem

433 3290 531 3346 misere
554 3287 667 3347 sauciis,
696 3286 843 3341 Bononiam
866 3288 960 3359 petere
982 3294 1093 3341 coaetus
1116 3293 1171 3347 est,
1204 3285 1258 3342 illie
1286 3287 1412 3342 fortassis
1441 3287 1546 3342 diutule
1574 3305 1727 3344 niaiisurus.

376 3386 423 3436 §.t
432 3374 539 3443 Quanto
562 3389 627 3427 vero
650 3388 692 3427 uto
714 3371 812 3445 gaudio
836 3370 935 3427 alliciat
957 3370 1044 3425 omnis
1067 3371 1112 3425 illa
1136 3371 1218 3433 lama,
1248 3389 1308 3443 qum
1335 3373 1474 3428 victoriam
1499 3374 1765 3428 innocentissimam

433 3462 494 3515 vitae
517 3467 570 3513 tum
592 3465 688 3513 eontra
704 3456 858 3512 Stoicarum
882 3456 947 3510 istas
970 3456 1061 3510 sinnas
1084 3456 1231 3518 aditrdicat,
1263 3476 1317 3513 nan
1342 3457 1419 3513 facile
1442 3458 1611 3531 scripserim,
1642 3477 1673 3513 111·
1696 3476 1729 3512 ne

432 3544 545 3601 dixerim
569 3543 691 3616 quidem,
715 3542 737 3596 si
760 3558 852 3597 coram
875 3558 976 3596 essem:
1001 3541 1081 3596 testis
1104 3542 1175 3596 enim
1199 3560 1259 3598 esse
1283 3560 1392 3616 pinsum
1409 3543 1449 3598 sel
1461 3543 1636 3615 posteritati,
1662 3562 1730 3615 11111)-

432 3630 504 3686 niam
526 3628 688 3684 altissimum
711 3626 777 3682 illud
801 3634 908 3681 tuarum
930 3627 1116 3682 doctrinarum
1139 3627 1227 3683 ocium
1252 3636 1304 3683 tam
1332 3628 1465 3702 praecipiti
1492 3627 1679 3684 molestiarum
1703 3636 1731 3683 et

387 3773 391 3779 ,
433 3714 670 3789 perturbationum
694 3713 796 3786 impetu
819 3730 874 3767 non
896 3712 1008 3784 digmun
1031 3711 1167 3774 extiterit:
1190 3729 1305 3785 eumque
1321 3712 1426 3768 tloleam
1442 3731 1563 3787 persaepe
1579 3714 1611 3769 de
1627 3714 1729 3774 multis,

433 3799 506 3856 istud
529 3816 667 3872 nunquam
690 3815 745 3853 non
767 3804 878 3870 gravato
901 3795 963 3858 tuli,
996 3797 1068 3869 <prod
1092 3797 1216 3864 lstsmiues
1239 3796 1292 3859 illi,
1322 3816 1438 3871 quorum
1461 3799 1605 3871 stipendiis
1632 3798 1777 3853 insidiato

434 3884 546 3946 militat,
570 3891 659 3939 tantas
682 3883 707 3937 in
732 3899 761 3937 re
784 3881 890 3938 tantilla
913 3881 1059 3955 tragoedias
1080 3882 1229 3945 niovarint,
1252 3891 1283 3937 ut
1298 3901 1342 3937 res
1362 3891 1419 3939 tota
1435 3890 1475 3938 tot
1493 3884 1653 3939 italieiorum
1669 3901 1732 3939 oen·

312 3987 316 4002 ·
376 3972 423 4022 13.
434 3987 528 4031 suras,
552 3985 713 4042 inagnorum
735 3966 816 4022 etiam
839 3967 956 4022 iudicum
978 3983 1128 4028 consensu,
1153 3968 1324 4023 sustinuerit.
1368 3968 1492 4041 lmponet
1513 3968 1556 4023 bis
1579 3969 1659 4023 tinem
1680 3970 1732 4023 lta·

432 4071 518 4109 manue
541 4054 612 4108 sedis
635 4052 783 4112 autoritas,
807 4060 849 4106 tot
871 4052 932 4106 vtae
956 4059 1009 4106 tum
1025 4058 1053 4105 et
1068 4051 1230 4107 ortulitionis
1245 4052 1416 4126 pensantibus
1432 4053 1548 4112 munita.
1573 4054 1731 4126 lateranas

434 4138 571 4193 Erasmum
589 4138 646 4210 ipse
663 4136 872 4191 littterodamum
888 4137 954 4190 adeo
970 4134 1090 4190 libenter
1104 4138 1222 4210 accipio,
1246 4146 1277 4193 ut
1291 4136 1359 4193 nibil
1376 4139 1470 4211 magis.
1516 4138 1571 4211 ligo
1589 4138 1732 4211 (1111111111Ιᾶ-

432 4240 540 4296 cunque
562 4222 685 4277 doctrina
708 4239 738 4276 ac
760 4221 870 4293 ingenio
901 4220 926 4275 id
954 4219 1063 4281 moliar,
1094 4228 1124 4275 ut
1155 4221 1195 4276 sal
1225 4240 1286 4278 meo
1316 4223 1415 4279 iudicio
1443 4224 1573 4297 ttapniani
1603 4223 1766 4278 debuissem

433 4308 573 4364 studiosos
596 4323 690 4362 ‹imnas
713 4306 805 4361 lutura
828 4304 917 4361 secula
940 4314 1100 4376 agitassent.
1140 4308 1288 4364 esettdetur
1315 4308 1367 4364 iam
1398 4326 1469 4364 tinne
1497 4326 1511 4363 a
1541 4326 1582 4363 me
1613 4309 1732 4380 scriptus

432 4394 466 4449 de
488 4394 595 4467 poetica
618 4390 741 4451 libellus,
776 4389 803 4445 in
834 4408 888 4462 quo
919 4390 1119 4445 rueritissimam
1149 4391 1254 4448 laudem
1283 4394 1322 4448 tui
1352 4393 1418 4449 loeis
1448 4396 1593 4466 opisrtuuis
1621 4393 1732 4450 inserui.

433 4495 519 4535 meam
542 4477 569 4533 in
593 4485 620 4532 te
643 4475 840 4531 observantiam
864 4475 916 4530 bae
938 4475 998 4548 ipso
1030 4482 1195 4540 testaturam
1227 4478 1298 4547 eius
1315 4477 1362 4533 tibi
1390 4479 1496 4552 copiam
1525 4478 1599 4533 brem
1629 4477 1732 4533 luciam.

433 4563 510 4627 Vale,
533 4570 561 4620 et
583 4562 680 4619 scribe.
704 4555 821 4618 Viennae.
844 4562 922 4638 Anno
937 4559 1077 4616 1111111111.

669 4744 798 4794 XXXIII.
824 4745 871 4793 Ex
883 4742 1018 4810 Epistolis
1036 4744 1096 4793 tna.
1111 4743 1178 4793 bibl.
1192 4741 1280 4794 nest.
1295 4747 1356 4795 citt.
1368 4747 1416 4809 sot.
1429 4744 1490 4796 ziib.
