<?xml version="1.0" encoding="UTF-8"?>
<!DOCTYPE html PUBLIC "-//W3C//DTD XHTML 1.0 Transitional//EN"
    "http://www.w3.org/TR/xhtml1/DTD/xhtml1-transitional.dtd">
<html xmlns="http://www.w3.org/1999/xhtml" xml:lang="en" lang="en">
 <head>
  <title>
</title>
<meta http-equiv="Content-Type" content="text/html;charset=utf-8" />
  <meta name='ocr-system' content='tesseract 3.04.00' />
  <meta name='ocr-capabilities' content='ocr_page ocr_carea ocr_par ocr_line ocrx_word'/>
</head>
<body>
  <div class='ocr_page' id='page_1' title='image "./ulrichihuttenie03huttgoog_0161.png"; bbox 0 0 4067 6209; ppageno 0'>
   <div class='ocr_carea' id='block_1_1' title="bbox 374 786 1681 859">
    <p class='ocr_par' dir='ltr' id='par_1_1' title="bbox 374 786 1681 859">
     <span class='ocr_line' id='line_1_1' title="bbox 374 786 1681 859; baseline -0.005 0"><span class='ocrx_word' id='word_1_1' title='bbox 374 806 795 859; x_wconf 71' lang='lat' dir='ltr'><strong>XV1.no⁸.nmAnvminn.</strong></span> <span class='ocrx_word' id='word_1_2' title='bbox 819 803 1599 856; x_wconf 65' lang='lat' dir='ltr'><strong>xvuxvm.uvrmnunnmvemmmonn.</strong></span> <span class='ocrx_word' id='word_1_3' title='bbox 1637 786 1681 858; x_wconf 85' lang='lat'><strong>31</strong></span> 
     </span>
    </p>
   </div>
   <div class='ocr_carea' id='block_1_2' title="bbox 371 941 1687 1316">
    <p class='ocr_par' dir='ltr' id='par_1_2' title="bbox 371 941 1687 1316">
     <span class='ocr_line' id='line_1_2' title="bbox 612 941 787 970; baseline -0.006 -4"><span class='ocrx_word' id='word_1_4' title='bbox 612 954 617 970; x_wconf 69' lang='grc' dir='ltr'>ι</span> <span class='ocrx_word' id='word_1_5' title='bbox 778 941 787 965; x_wconf 70' lang='grc' dir='ltr'>ἱ</span> 
     </span>
     <span class='ocr_line' id='line_1_3' title="bbox 375 975 1687 1051; baseline -0.003 -14"><span class='ocrx_word' id='word_1_6' title='bbox 375 980 485 1037; x_wconf 76' lang='lat' dir='ltr'><strong>laudavi</strong></span> <span class='ocrx_word' id='word_1_7' title='bbox 502 979 626 1036; x_wconf 85' lang='lat' dir='ltr'><strong>studium</strong></span> <span class='ocrx_word' id='word_1_8' title='bbox 642 986 731 1040; x_wconf 89' lang='lat' dir='ltr'><strong>tuum,</strong></span> <span class='ocrx_word' id='word_1_9' title='bbox 755 993 837 1051; x_wconf 83' lang='lat' dir='ltr'><strong>quum</strong></span> <span class='ocrx_word' id='word_1_10' title='bbox 859 977 886 1031; x_wconf 89' lang='lat' dir='ltr'><strong>iu</strong></span> <span class='ocrx_word' id='word_1_11' title='bbox 903 976 1022 1034; x_wconf 90' lang='lat' dir='ltr'><strong>llntteno</strong></span> <span class='ocrx_word' id='word_1_12' title='bbox 1038 977 1194 1033; x_wconf 81' lang='lat' dir='ltr'><strong>exornando</strong></span> <span class='ocrx_word' id='word_1_13' title='bbox 1215 976 1301 1033; x_wconf 84' lang='lat' dir='ltr'><strong>bonas</strong></span> <span class='ocrx_word' id='word_1_14' title='bbox 1316 975 1399 1032; x_wconf 82' lang='lat' dir='ltr'><strong>horos</strong></span> <span class='ocrx_word' id='word_1_15' title='bbox 1416 984 1469 1031; x_wconf 79' lang='lat' dir='ltr'><strong>tum</strong></span> <span class='ocrx_word' id='word_1_16' title='bbox 1484 976 1554 1032; x_wconf 88' lang='lat' dir='ltr'><strong>bene</strong></span> <span class='ocrx_word' id='word_1_17' title='bbox 1569 976 1687 1033; x_wconf 82' lang='lat' dir='ltr'><strong>collocu-</strong></span> 
     </span>
     <span class='ocr_line' id='line_1_4' title="bbox 376 1061 1686 1136; baseline -0.003 -14"><span class='ocrx_word' id='word_1_18' title='bbox 376 1068 459 1122; x_wconf 76' lang='lat' dir='ltr'><strong>reris.</strong></span> <span class='ocrx_word' id='word_1_19' title='bbox 490 1064 584 1121; x_wconf 85' lang='lat' dir='ltr'><strong>multo</strong></span> <span class='ocrx_word' id='word_1_20' title='bbox 605 1072 696 1119; x_wconf 83' lang='lat' dir='ltr'><strong>tamen</strong></span> <span class='ocrx_word' id='word_1_21' title='bbox 718 1064 823 1135; x_wconf 74' lang='lat' dir='ltr'><strong>grillius</strong></span> <span class='ocrx_word' id='word_1_22' title='bbox 845 1063 898 1118; x_wconf 86' lang='lat' dir='ltr'><strong>hoc</strong></span> <span class='ocrx_word' id='word_1_23' title='bbox 913 1104 939 1116; x_wconf 89' lang='lat'><strong>..</strong></span> <span class='ocrx_word' id='word_1_24' title='bbox 956 1070 1028 1124; x_wconf 81' lang='lat' dir='ltr'><strong>erut,</strong></span> <span class='ocrx_word' id='word_1_25' title='bbox 1051 1062 1124 1136; x_wconf 89' lang='lat' dir='ltr'><strong>qnod</strong></span> <span class='ocrx_word' id='word_1_26' title='bbox 1142 1061 1261 1117; x_wconf 81' lang='lat' dir='ltr'><strong>videlnm</strong></span> <span class='ocrx_word' id='word_1_27' title='bbox 1277 1070 1304 1117; x_wconf 89' lang='lat' dir='ltr'><strong>te</strong></span> <span class='ocrx_word' id='word_1_28' title='bbox 1319 1079 1380 1117; x_wconf 92' lang='lat' dir='ltr'><strong>cum</strong></span> <span class='ocrx_word' id='word_1_29' title='bbox 1395 1062 1561 1117; x_wconf 80' lang='lat' dir='ltr'><strong>doctissimis</strong></span> <span class='ocrx_word' id='word_1_30' title='bbox 1576 1062 1686 1135; x_wconf 79' lang='lat' dir='ltr'><strong>meique</strong></span> 
     </span>
     <span class='ocr_line' id='line_1_5' title="bbox 371 1147 1686 1226; baseline -0.003 -19"><span class='ocrx_word' id='word_1_31' title='bbox 371 1150 577 1207; x_wconf 73' lang='lat' dir='ltr'><strong>vauranitissimis</strong></span> <span class='ocrx_word' id='word_1_32' title='bbox 599 1148 742 1226; x_wconf 82' lang='lat' dir='ltr'><strong>iuvenibus</strong></span> <span class='ocrx_word' id='word_1_33' title='bbox 763 1147 972 1221; x_wconf 65' lang='lat' dir='ltr'><strong>pulcherrimam</strong></span> <span class='ocrx_word' id='word_1_34' title='bbox 994 1147 1222 1203; x_wconf 72' lang='lat' dir='ltr'><strong>necessitudinem</strong></span> <span class='ocrx_word' id='word_1_35' title='bbox 1243 1147 1421 1203; x_wconf 90' lang='lat' dir='ltr'><strong>constituisse</strong></span> <span class='ocrx_word' id='word_1_36' title='bbox 1439 1190 1444 1200; x_wconf 96' lang='lat'>.</span> <span class='ocrx_word' id='word_1_37' title='bbox 1459 1189 1465 1201; x_wconf 91' lang='lat'><strong>.</strong></span> <span class='ocrx_word' id='word_1_38' title='bbox 1481 1147 1557 1203; x_wconf 87' lang='lat' dir='ltr'><strong>Nunc</strong></span> <span class='ocrx_word' id='word_1_39' title='bbox 1579 1156 1686 1204; x_wconf 90' lang='lat' dir='ltr'><strong>utrum·</strong></span> 
     </span>
     <span class='ocr_line' id='line_1_6' title="bbox 376 1232 1633 1316; baseline -0.003 -25"><span class='ocrx_word' id='word_1_40' title='bbox 376 1253 432 1310; x_wconf 83' lang='lat' dir='ltr'><strong>que</strong></span> <span class='ocrx_word' id='word_1_41' title='bbox 449 1236 478 1290; x_wconf 88' lang='lat' dir='ltr'><strong>in</strong></span> <span class='ocrx_word' id='word_1_42' title='bbox 494 1233 601 1290; x_wconf 75' lang='lat' dir='ltr'><strong>ltaliam</strong></span> <span class='ocrx_word' id='word_1_43' title='bbox 617 1233 731 1295; x_wconf 78' lang='lat' dir='ltr'><strong>abiisse,</strong></span> <span class='ocrx_word' id='word_1_44' title='bbox 749 1234 802 1289; x_wconf 90' lang='lat' dir='ltr'><strong>imo</strong></span> <span class='ocrx_word' id='word_1_45' title='bbox 818 1232 965 1289; x_wconf 86' lang='lat' dir='ltr'><strong>secessisse</strong></span> <span class='ocrx_word' id='word_1_46' title='bbox 981 1233 1076 1295; x_wconf 80' lang='lat' dir='ltr'><strong>audio;</strong></span> <span class='ocrx_word' id='word_1_47' title='bbox 1092 1232 1125 1287; x_wconf 87' lang='lat' dir='ltr'><strong>de</strong></span> <span class='ocrx_word' id='word_1_48' title='bbox 1141 1233 1316 1316; x_wconf 79' lang='lat' dir='ltr'><strong>npcrbuccho</strong></span> <span class='ocrx_word' id='word_1_49' title='bbox 1332 1233 1440 1305; x_wconf 88' lang='lat' dir='ltr'><strong>quidem</strong></span> <span class='ocrx_word' id='word_1_50' title='bbox 1456 1240 1549 1289; x_wconf 86' lang='lat' dir='ltr'><strong>certus</strong></span> <span class='ocrx_word' id='word_1_51' title='bbox 1564 1249 1633 1288; x_wconf 88' lang='lat' dir='ltr'><strong>sum.</strong></span> 
     </span>
    </p>
   </div>
   <div class='ocr_carea' id='block_1_3' title="bbox 1434 1483 1440 1511">
    <p class='ocr_par' dir='ltr' id='par_1_3' title="bbox 1434 1483 1440 1511">
     <span class='ocr_line' id='line_1_7' title="bbox 1434 1483 1440 1511; baseline 0 0"><span class='ocrx_word' id='word_1_52' title='bbox 1434 1483 1440 1511; x_wconf 89' lang='lat' dir='ltr'><strong>l</strong></span> 
     </span>
    </p>
   </div>
   <div class='ocr_carea' id='block_1_4' title="bbox 971 1601 1667 1685">
    <p class='ocr_par' dir='ltr' id='par_1_4' title="bbox 971 1601 1667 1685">
     <span class='ocr_line' id='line_1_8' title="bbox 971 1601 1667 1685; baseline -0.014 -8"><span class='ocrx_word' id='word_1_53' title='bbox 971 1601 1097 1677; x_wconf 82' lang='lat' dir='ltr'>XVII.</span> <span class='ocrx_word' id='word_1_54' title='bbox 1455 1615 1541 1681; x_wconf 68' lang='grc' dir='ltr'>[ιινιι.</span> <span class='ocrx_word' id='word_1_55' title='bbox 1555 1633 1581 1667; x_wconf 80' lang='grc' dir='ltr'>ι.</span> <span class='ocrx_word' id='word_1_56' title='bbox 1596 1616 1667 1685; x_wconf 75' lang='lat' dir='ltr'><strong>istc]</strong></span> 
     </span>
    </p>
   </div>
   <div class='ocr_carea' id='block_1_5' title="bbox 797 1791 1272 1967">
    <p class='ocr_par' dir='ltr' id='par_1_5' title="bbox 797 1791 1272 1967">
     <span class='ocr_line' id='line_1_9' title="bbox 797 1791 1272 1864; baseline -0.004 -16"><span class='ocrx_word' id='word_1_57' title='bbox 797 1791 970 1861; x_wconf 73' lang='lat' dir='ltr'><em>{CONRAD</em></span> <span class='ocrx_word' id='word_1_58' title='bbox 979 1792 1025 1849; x_wconf 78' lang='lat' dir='ltr'><strong>Vs</strong></span> <span class='ocrx_word' id='word_1_59' title='bbox 1046 1792 1079 1848; x_wconf 92' lang='lat' dir='ltr'><em>M</em></span> <span class='ocrx_word' id='word_1_60' title='bbox 1085 1791 1207 1848; x_wconf 80' lang='lat' dir='ltr'><em>VTIAN</em></span> <span class='ocrx_word' id='word_1_61' title='bbox 1213 1791 1272 1864; x_wconf 76' lang='lat' dir='ltr'><strong>VS]</strong></span> 
     </span>
     <span class='ocr_line' id='line_1_10' title="bbox 871 1917 1202 1967; baseline 0.003 -1"><span class='ocrx_word' id='word_1_62' title='bbox 871 1917 1028 1967; x_wconf 78' lang='lat' dir='ltr'><strong>nnnntco</strong></span> <span class='ocrx_word' id='word_1_63' title='bbox 1050 1919 1202 1967; x_wconf 78' lang='lat' dir='ltr'>VRBANO.</span> 
     </span>
    </p>
   </div>
   <div class='ocr_carea' id='block_1_6' title="bbox 348 2061 1749 2989">
    <p class='ocr_par' dir='ltr' id='par_1_6' title="bbox 352 2061 1749 2989">
     <span class='ocr_line' id='line_1_11' title="bbox 469 2061 1685 2138; baseline -0.002 -17"><span class='ocrx_word' id='word_1_64' title='bbox 469 2064 499 2121; x_wconf 90' lang='lat' dir='ltr'><strong>Si</strong></span> <span class='ocrx_word' id='word_1_65' title='bbox 515 2062 604 2124; x_wconf 80' lang='lat' dir='ltr'><strong>vales.</strong></span> <span class='ocrx_word' id='word_1_66' title='bbox 621 2063 690 2119; x_wconf 90' lang='lat' dir='ltr'><strong>hene</strong></span> <span class='ocrx_word' id='word_1_67' title='bbox 706 2072 757 2118; x_wconf 84' lang='lat' dir='ltr'><strong>cst</strong></span> <span class='ocrx_word' id='word_1_68' title='bbox 787 2062 829 2118; x_wconf 87' lang='lat' dir='ltr'><strong>xl.</strong></span> <span class='ocrx_word' id='word_1_69' title='bbox 845 2062 898 2118; x_wconf 82' lang='lat' dir='ltr'><strong>Cal.</strong></span> <span class='ocrx_word' id='word_1_70' title='bbox 915 2061 1050 2130; x_wconf 71' lang='lat' dir='ltr'><strong>Quintiles</strong></span> <span class='ocrx_word' id='word_1_71' title='bbox 1066 2063 1182 2119; x_wconf 80' lang='lat' dir='ltr'><strong>reddidit</strong></span> <span class='ocrx_word' id='word_1_72' title='bbox 1197 2062 1262 2117; x_wconf 90' lang='lat' dir='ltr'><strong>mihi</strong></span> <span class='ocrx_word' id='word_1_73' title='bbox 1280 2062 1373 2118; x_wconf 77' lang='lat' dir='ltr'><strong>literas</strong></span> <span class='ocrx_word' id='word_1_74' title='bbox 1395 2072 1454 2119; x_wconf 89' lang='lat' dir='ltr'><strong>tuns</strong></span> <span class='ocrx_word' id='word_1_75' title='bbox 1475 2080 1543 2137; x_wconf 88' lang='lat' dir='ltr'><strong>puer</strong></span> <span class='ocrx_word' id='word_1_76' title='bbox 1564 2064 1685 2138; x_wconf 81' lang='lat' dir='ltr'><strong>higarius</strong></span> 
     </span>
     <span class='ocr_line' id='line_1_12' title="bbox 348 2147 1684 2292; baseline -0.002 -87.952"><span class='ocrx_word' id='word_1_77' title='bbox 348 2150 479 2292; x_wconf 45' lang='lat' dir='ltr'><strong>¹’plenus</strong></span> <span class='ocrx_word' id='word_1_78' title='bbox 494 2148 638 2204; x_wconf 80' lang='lat' dir='ltr'><strong>suavitatis</strong></span> <span class='ocrx_word' id='word_1_79' title='bbox 653 2156 681 2203; x_wconf 90' lang='lat' dir='ltr'><strong>et</strong></span> <span class='ocrx_word' id='word_1_80' title='bbox 696 2148 792 2208; x_wconf 89' lang='lat' dir='ltr'><strong>summi</strong></span> <span class='ocrx_word' id='word_1_81' title='bbox 809 2147 908 2203; x_wconf 80' lang='lat' dir='ltr'><strong>amoris</strong></span> <span class='ocrx_word' id='word_1_82' title='bbox 923 2166 988 2220; x_wconf 79' lang='lat' dir='ltr'><strong>erga</strong></span> <span class='ocrx_word' id='word_1_83' title='bbox 1009 2166 1052 2204; x_wconf 82' lang='lat' dir='ltr'><strong>nic</strong></span> <span class='ocrx_word' id='word_1_84' title='bbox 1073 2148 1111 2217; x_wconf 86' lang='lat' dir='ltr'><strong>tui</strong></span> <span class='ocrx_word' id='word_1_85' title='bbox 1134 2189 1684 2207; x_wconf 89' lang='grc'><strong>........................</strong></span> 
     </span>
     <span class='ocr_line' id='line_1_13' title="bbox 401 2214 1686 2307; baseline 0 -18"><span class='ocrx_word' id='word_1_86' title='bbox 401 2235 545 2291; x_wconf 76' lang='lat' dir='ltr'><strong>..Valeat</strong></span> <span class='ocrx_word' id='word_1_87' title='bbox 560 2251 628 2306; x_wconf 77' lang='lat' dir='ltr'><strong>ergo</strong></span> <span class='ocrx_word' id='word_1_88' title='bbox 642 2233 862 2307; x_wconf 84' lang='lat' dir='ltr'><strong>compendium</strong></span> <span class='ocrx_word' id='word_1_89' title='bbox 848 2232 888 2287; x_wconf 82' lang='lat' dir='ltr'><strong>iel</strong></span> <span class='ocrx_word' id='word_1_90' title='bbox 908 2234 1003 2307; x_wconf 85' lang='lat' dir='ltr'><strong>pocius</strong></span> <span class='ocrx_word' id='word_1_91' title='bbox 1024 2233 1194 2307; x_wconf 87' lang='lat' dir='ltr'><strong>dispendium</strong></span> <span class='ocrx_word' id='word_1_92' title='bbox 1210 2232 1386 2294; x_wconf 87' lang='lat' dir='ltr'><strong>&#39;lrutletteri‚</strong></span> <span class='ocrx_word' id='word_1_93' title='bbox 1407 2233 1485 2289; x_wconf 80' lang='lat' dir='ltr'><strong>vel</strong></span> <span class='ocrx_word' id='word_1_94' title='bbox 1463 2252 1485 2289; x_wconf 80' lang='lat' dir='ltr'><strong>si</strong></span> <span class='ocrx_word' id='word_1_95' title='bbox 1502 2214 1613 2291; x_wconf 86' lang='lat' dir='ltr'><strong>omnino</strong></span> <span class='ocrx_word' id='word_1_96' title='bbox 1627 2251 1686 2293; x_wconf 83' lang='lat' dir='ltr'><strong>cur·</strong></span> 
     </span>
     <span class='ocr_line' id='line_1_14' title="bbox 379 2316 1687 2392; baseline -0.002 -15"><span class='ocrx_word' id='word_1_97' title='bbox 379 2322 454 2377; x_wconf 86' lang='lat' dir='ltr'><strong>mine</strong></span> <span class='ocrx_word' id='word_1_98' title='bbox 469 2319 657 2380; x_wconf 81' lang='lat' dir='ltr'><strong>delectantur,</strong></span> <span class='ocrx_word' id='word_1_99' title='bbox 673 2317 743 2373; x_wconf 83' lang='lat' dir='ltr'><strong>dubo</strong></span> <span class='ocrx_word' id='word_1_100' title='bbox 759 2317 936 2392; x_wconf 83' lang='lat' dir='ltr'><strong>Triumphum</strong></span> <span class='ocrx_word' id='word_1_101' title='bbox 952 2318 1098 2392; x_wconf 79' lang='lat' dir='ltr'><strong>Cupnionis</strong></span> <span class='ocrx_word' id='word_1_102' title='bbox 1119 2318 1152 2373; x_wconf 79' lang='lat' dir='ltr'><strong>uh</strong></span> <span class='ocrx_word' id='word_1_103' title='bbox 1168 2316 1248 2374; x_wconf 85' lang='lat' dir='ltr'><strong>decio</strong></span> <span class='ocrx_word' id='word_1_104' title='bbox 1263 2316 1366 2373; x_wconf 89' lang='lat' dir='ltr'><strong>Neobio</strong></span> <span class='ocrx_word' id='word_1_105' title='bbox 1381 2319 1572 2376; x_wconf 79' lang='lat' dir='ltr'><strong>concinnatum</strong></span> <span class='ocrx_word' id='word_1_106' title='bbox 1594 2320 1620 2374; x_wconf 92' lang='lat' dir='ltr'><strong>in</strong></span> <span class='ocrx_word' id='word_1_107' title='bbox 1636 2322 1687 2376; x_wconf 86' lang='lat' dir='ltr'><strong>Co·</strong></span> 
     </span>
     <span class='ocr_line' id='line_1_15' title="bbox 379 2402 1687 2477; baseline 0.001 -16"><span class='ocrx_word' id='word_1_108' title='bbox 379 2405 524 2462; x_wconf 84' lang='lat' dir='ltr'><strong>lunienses</strong></span> <span class='ocrx_word' id='word_1_109' title='bbox 537 2402 726 2477; x_wconf 71' lang='lat' dir='ltr'><strong>theologistas</strong></span> <span class='ocrx_word' id='word_1_110' title='bbox 743 2420 822 2475; x_wconf 85' lang='lat' dir='ltr'><strong>quom</strong></span> <span class='ocrx_word' id='word_1_111' title='bbox 834 2402 965 2476; x_wconf 84' lang='lat' dir='ltr'><strong>sophistae</strong></span> <span class='ocrx_word' id='word_1_112' title='bbox 980 2411 1118 2477; x_wconf 82' lang='lat' dir='ltr'><strong>opponant</strong></span> <span class='ocrx_word' id='word_1_113' title='bbox 1134 2404 1210 2476; x_wconf 90' lang='lat' dir='ltr'><strong>operi</strong></span> <span class='ocrx_word' id='word_1_114' title='bbox 1226 2420 1276 2458; x_wconf 91' lang='lat' dir='ltr'><strong>suo</strong></span> <span class='ocrx_word' id='word_1_115' title='bbox 1293 2410 1346 2457; x_wconf 84' lang='lat' dir='ltr'><strong>tum</strong></span> <span class='ocrx_word' id='word_1_116' title='bbox 1362 2402 1512 2476; x_wconf 84' lang='lat' dir='ltr'><strong>pulchello:</strong></span> <span class='ocrx_word' id='word_1_117' title='bbox 1529 2421 1621 2461; x_wconf 87' lang='lat' dir='ltr'><strong>verum</strong></span> <span class='ocrx_word' id='word_1_118' title='bbox 1637 2408 1687 2463; x_wconf 81' lang='lat' dir='ltr'><strong>huc</strong></span> 
     </span>
     <span class='ocr_line' id='line_1_16' title="bbox 379 2487 1685 2565; baseline -0.001 -19"><span class='ocrx_word' id='word_1_119' title='bbox 379 2491 444 2565; x_wconf 80' lang='lat' dir='ltr'><strong>lege</strong></span> <span class='ocrx_word' id='word_1_120' title='bbox 458 2492 510 2550; x_wconf 92' lang='lat' dir='ltr'><strong>do,</strong></span> <span class='ocrx_word' id='word_1_121' title='bbox 526 2497 558 2544; x_wconf 86' lang='lat' dir='ltr'><strong>ut</strong></span> <span class='ocrx_word' id='word_1_122' title='bbox 573 2489 601 2544; x_wconf 92' lang='lat' dir='ltr'><strong>in</strong></span> <span class='ocrx_word' id='word_1_123' title='bbox 616 2499 696 2544; x_wconf 80' lang='lat' dir='ltr'><strong>manu</strong></span> <span class='ocrx_word' id='word_1_124' title='bbox 711 2488 845 2562; x_wconf 82' lang='lat' dir='ltr'><strong>mancipio</strong></span> <span class='ocrx_word' id='word_1_125' title='bbox 861 2489 897 2543; x_wconf 92' lang='lat' dir='ltr'><strong>sit</strong></span> <span class='ocrx_word' id='word_1_126' title='bbox 914 2496 974 2543; x_wconf 91' lang='lat' dir='ltr'><strong>tuo:</strong></span> <span class='ocrx_word' id='word_1_127' title='bbox 995 2505 1058 2543; x_wconf 84' lang='lat' dir='ltr'><strong>nom</strong></span> <span class='ocrx_word' id='word_1_128' title='bbox 1074 2489 1097 2543; x_wconf 91' lang='lat' dir='ltr'><strong>si</strong></span> <span class='ocrx_word' id='word_1_129' title='bbox 1114 2487 1281 2544; x_wconf 86' lang='lat' dir='ltr'><strong>Theohnrdis</strong></span> <span class='ocrx_word' id='word_1_130' title='bbox 1297 2488 1446 2551; x_wconf 83' lang='lat' dir='ltr'><strong>exhiberes,</strong></span> <span class='ocrx_word' id='word_1_131' title='bbox 1465 2489 1554 2545; x_wconf 87' lang='lat' dir='ltr'><strong>damni</strong></span> <span class='ocrx_word' id='word_1_132' title='bbox 1570 2490 1685 2548; x_wconf 90' lang='lat' dir='ltr'><strong>multum</strong></span> 
     </span>
     <span class='ocr_line' id='line_1_17' title="bbox 381 2572 1686 2649; baseline 0.001 -18"><span class='ocrx_word' id='word_1_133' title='bbox 381 2577 505 2636; x_wconf 79' lang='lat' dir='ltr'><strong>laceres,</strong></span> <span class='ocrx_word' id='word_1_134' title='bbox 520 2582 550 2630; x_wconf 91' lang='lat' dir='ltr'><strong>et</strong></span> <span class='ocrx_word' id='word_1_135' title='bbox 566 2582 639 2629; x_wconf 88' lang='lat' dir='ltr'><strong>tues</strong></span> <span class='ocrx_word' id='word_1_136' title='bbox 655 2574 775 2648; x_wconf 88' lang='lat' dir='ltr'><strong>optimus</strong></span> <span class='ocrx_word' id='word_1_137' title='bbox 791 2573 882 2634; x_wconf 87' lang='lat' dir='ltr'><strong>testis,</strong></span> <span class='ocrx_word' id='word_1_138' title='bbox 900 2591 980 2647; x_wconf 75' lang='lat' dir='ltr'><strong>ipnnm</strong></span> <span class='ocrx_word' id='word_1_139' title='bbox 996 2572 1096 2646; x_wconf 78' lang='lat' dir='ltr'><strong>iniquis</strong></span> <span class='ocrx_word' id='word_1_140' title='bbox 1112 2573 1223 2628; x_wconf 89' lang='lat' dir='ltr'><strong>nurihns</strong></span> <span class='ocrx_word' id='word_1_141' title='bbox 1240 2573 1402 2648; x_wconf 80' lang='lat' dir='ltr'><strong>acciperent.</strong></span> <span class='ocrx_word' id='word_1_142' title='bbox 1433 2574 1489 2631; x_wconf 90' lang='lat' dir='ltr'><strong>lloc</strong></span> <span class='ocrx_word' id='word_1_143' title='bbox 1504 2574 1601 2649; x_wconf 87' lang='lat' dir='ltr'><strong>scripsi</strong></span> <span class='ocrx_word' id='word_1_144' title='bbox 1618 2576 1686 2632; x_wconf 90' lang='lat' dir='ltr'><strong>henc</strong></span> 
     </span>
     <span class='ocr_line' id='line_1_18' title="bbox 352 2657 1686 2733; baseline 0.001 -17"><span class='ocrx_word' id='word_1_145' title='bbox 352 2660 489 2716; x_wconf 66' lang='lat' dir='ltr'><strong>isaurius.</strong></span> <span class='ocrx_word' id='word_1_146' title='bbox 505 2660 545 2714; x_wconf 87' lang='lat' dir='ltr'><strong>sic</strong></span> <span class='ocrx_word' id='word_1_147' title='bbox 560 2658 636 2714; x_wconf 86' lang='lat' dir='ltr'><strong>soleo</strong></span> <span class='ocrx_word' id='word_1_148' title='bbox 651 2675 748 2714; x_wconf 81' lang='lat' dir='ltr'><strong>curare</strong></span> <span class='ocrx_word' id='word_1_149' title='bbox 764 2657 952 2713; x_wconf 79' lang='lat' dir='ltr'><strong>valetudinem.</strong></span> <span class='ocrx_word' id='word_1_150' title='bbox 974 2658 1018 2714; x_wconf 79' lang='lat' dir='ltr'><strong>nic</strong></span> <span class='ocrx_word' id='word_1_151' title='bbox 1035 2667 1164 2731; x_wconf 79' lang='lat' dir='ltr'><strong>quantum</strong></span> <span class='ocrx_word' id='word_1_152' title='bbox 1177 2657 1292 2715; x_wconf 85' lang='lat' dir='ltr'><strong>dederis‘</strong></span> <span class='ocrx_word' id='word_1_153' title='bbox 1304 2676 1355 2732; x_wconf 83' lang='lat' dir='ltr'><strong>pro</strong></span> <span class='ocrx_word' id='word_1_154' title='bbox 1373 2658 1514 2733; x_wconf 79' lang='lat' dir='ltr'><strong>psalterio.</strong></span> <span class='ocrx_word' id='word_1_155' title='bbox 1531 2661 1595 2717; x_wconf 83' lang='lat' dir='ltr'><strong>item</strong></span> <span class='ocrx_word' id='word_1_156' title='bbox 1608 2663 1686 2718; x_wconf 88' lang='lat' dir='ltr'><strong>mitte</strong></span> 
     </span>
     <span class='ocr_line' id='line_1_19' title="bbox 382 2741 1686 2819; baseline 0.002 -19"><span class='ocrx_word' id='word_1_157' title='bbox 382 2746 591 2801; x_wconf 81' lang='lat' dir='ltr'><strong>hamasceuum:</strong></span> <span class='ocrx_word' id='word_1_158' title='bbox 607 2743 677 2799; x_wconf 79' lang='lat' dir='ltr'><strong>dabo</strong></span> <span class='ocrx_word' id='word_1_159' title='bbox 692 2761 743 2818; x_wconf 91' lang='lat' dir='ltr'><strong>pro</strong></span> <span class='ocrx_word' id='word_1_160' title='bbox 759 2750 877 2819; x_wconf 84' lang='lat' dir='ltr'><strong>utroque</strong></span> <span class='ocrx_word' id='word_1_161' title='bbox 893 2741 1023 2816; x_wconf 83' lang='lat' dir='ltr'><strong>precium</strong></span> <span class='ocrx_word' id='word_1_162' title='bbox 1045 2744 1108 2799; x_wconf 84' lang='lat' dir='ltr'><strong>item</strong></span> <span class='ocrx_word' id='word_1_163' title='bbox 1125 2742 1206 2798; x_wconf 74' lang='lat' dir='ltr'><strong>Vallo·</strong></span> <span class='ocrx_word' id='word_1_164' title='bbox 1228 2761 1327 2799; x_wconf 82' lang='lat' dir='ltr'><strong>norum</strong></span> <span class='ocrx_word' id='word_1_165' title='bbox 1350 2753 1550 2802; x_wconf 81' lang='lat' dir='ltr'><strong>testamentum.</strong></span> <span class='ocrx_word' id='word_1_166' title='bbox 1572 2747 1605 2803; x_wconf 86' lang='lat' dir='ltr'><strong>de</strong></span> <span class='ocrx_word' id='word_1_167' title='bbox 1621 2747 1686 2802; x_wconf 80' lang='lat' dir='ltr'><strong>iittu</strong></span> 
     </span>
     <span class='ocr_line' id='line_1_20' title="bbox 382 2826 1720 2907; baseline -0.001 -21"><span class='ocrx_word' id='word_1_168' title='bbox 382 2828 588 2905; x_wconf 78' lang='lat' dir='ltr'><strong>preciosissima</strong></span> <span class='ocrx_word' id='word_1_169' title='bbox 599 2836 675 2884; x_wconf 87' lang='lat' dir='ltr'><strong>tuum</strong></span> <span class='ocrx_word' id='word_1_170' title='bbox 691 2826 840 2883; x_wconf 84' lang='lat' dir='ltr'><strong>limntnlnm</strong></span> <span class='ocrx_word' id='word_1_171' title='bbox 858 2835 885 2884; x_wconf 86' lang='lat' dir='ltr'><strong>et</strong></span> <span class='ocrx_word' id='word_1_172' title='bbox 901 2827 1016 2902; x_wconf 89' lang='lat' dir='ltr'><strong>politum</strong></span> <span class='ocrx_word' id='word_1_173' title='bbox 1033 2828 1159 2883; x_wconf 86' lang='lat' dir='ltr'><strong>indicium</strong></span> <span class='ocrx_word' id='word_1_174' title='bbox 1175 2828 1275 2884; x_wconf 81' lang='lat' dir='ltr'><strong>hahere</strong></span> <span class='ocrx_word' id='word_1_175' title='bbox 1291 2828 1367 2892; x_wconf 76' lang='lat' dir='ltr'><strong>tolo:</strong></span> <span class='ocrx_word' id='word_1_176' title='bbox 1383 2831 1435 2886; x_wconf 90' lang='lat' dir='ltr'><strong>nisi</strong></span> <span class='ocrx_word' id='word_1_177' title='bbox 1450 2832 1485 2886; x_wconf 90' lang='lat' dir='ltr'><strong>sit</strong></span> <span class='ocrx_word' id='word_1_178' title='bbox 1496 2831 1539 2887; x_wconf 92' lang='lat' dir='ltr'><strong>llll</strong></span> <span class='ocrx_word' id='word_1_179' title='bbox 1550 2840 1597 2887; x_wconf 85' lang='lat' dir='ltr'><strong>nut</strong></span> <span class='ocrx_word' id='word_1_180' title='bbox 1609 2832 1687 2907; x_wconf 84' lang='lat' dir='ltr'><strong>quin-</strong></span> <span class='ocrx_word' id='word_1_181' title='bbox 1716 2871 1720 2885; x_wconf 90' lang='lat'><em>.</em></span> 
     </span>
     <span class='ocr_line' id='line_1_21' title="bbox 385 2907 1749 2989; baseline -0.002 -18"><span class='ocrx_word' id='word_1_182' title='bbox 385 2933 439 2989; x_wconf 81' lang='lat' dir='ltr'><strong>que</strong></span> <span class='ocrx_word' id='word_1_183' title='bbox 456 2932 614 2976; x_wconf 84' lang='lat' dir='ltr'><strong>aureorum</strong></span> <span class='ocrx_word' id='word_1_184' title='bbox 631 2931 686 2969; x_wconf 89' lang='lat' dir='ltr'><strong>non</strong></span> <span class='ocrx_word' id='word_1_185' title='bbox 703 2912 828 2988; x_wconf 81' lang='lat' dir='ltr'><strong>placehit</strong></span> <span class='ocrx_word' id='word_1_186' title='bbox 858 2911 1254 3001; x_wconf 76' lang='lat' dir='ltr'><strong>Volcethiecboniconsule</strong></span> <span class='ocrx_word' id='word_1_187' title='bbox 1744 2907 1749 2919; x_wconf 86' lang='lat'>&#39;</span> 
     </span>
    </p>
   </div>
   <div class='ocr_carea' id='block_1_7' title="bbox 533 3095 1565 3161">
    <p class='ocr_par' dir='ltr' id='par_1_7' title="bbox 533 3095 1565 3161">
     <span class='ocr_line' id='line_1_22' title="bbox 533 3095 1565 3161; baseline 0 -15"><span class='ocrx_word' id='word_1_188' title='bbox 533 3098 618 3147; x_wconf 84' lang='lat' dir='ltr'><strong>xvn.</strong></span> <span class='ocrx_word' id='word_1_189' title='bbox 644 3098 686 3146; x_wconf 82' lang='lat' dir='ltr'><strong>Ex</strong></span> <span class='ocrx_word' id='word_1_190' title='bbox 698 3096 818 3146; x_wconf 80' lang='lat' dir='ltr'><strong>conradi</strong></span> <span class='ocrx_word' id='word_1_191' title='bbox 830 3095 950 3148; x_wconf 85' lang='lat' dir='ltr'><strong>Mutiani</strong></span> <span class='ocrx_word' id='word_1_192' title='bbox 963 3096 1025 3146; x_wconf 88' lang='lat' dir='ltr'><strong>Rufi</strong></span> <span class='ocrx_word' id='word_1_193' title='bbox 1039 3097 1119 3161; x_wconf 83' lang='lat' dir='ltr'><strong>epist.</strong></span> <span class='ocrx_word' id='word_1_194' title='bbox 1134 3110 1230 3144; x_wconf 81' lang='lat' dir='ltr'><strong>eccur.</strong></span> <span class='ocrx_word' id='word_1_195' title='bbox 1248 3100 1294 3141; x_wconf 86' lang='lat' dir='ltr'><strong>MS.</strong></span> <span class='ocrx_word' id='word_1_196' title='bbox 1308 3096 1367 3145; x_wconf 89' lang='lat' dir='ltr'><strong>cod.</strong></span> <span class='ocrx_word' id='word_1_197' title='bbox 1381 3096 1512 3146; x_wconf 73' lang='lat' dir='ltr'><strong>Francos.</strong></span> <span class='ocrx_word' id='word_1_198' title='bbox 1525 3098 1565 3145; x_wconf 74' lang='lat'><strong>4⁰.&#39;</strong></span> 
     </span>
    </p>
   </div>
   <div class='ocr_carea' id='block_1_8' title="bbox 358 3506 1663 3591">
    <p class='ocr_par' dir='ltr' id='par_1_8' title="bbox 358 3506 1663 3591">
     <span class='ocr_line' id='line_1_23' title="bbox 358 3506 1663 3591; baseline -0.01 -8"><span class='ocrx_word' id='word_1_199' title='bbox 358 3540 386 3581; x_wconf 84' lang='grc' dir='ltr'><strong>ιι</strong></span> <span class='ocrx_word' id='word_1_200' title='bbox 412 3522 538 3591; x_wconf 61' lang='grc' dir='ltr'><strong>[ουτω]</strong></span> <span class='ocrx_word' id='word_1_201' title='bbox 959 3506 1105 3580; x_wconf 86' lang='lat' dir='ltr'>XVIII.</span> <span class='ocrx_word' id='word_1_202' title='bbox 1405 3538 1431 3571; x_wconf 83' lang='lat' dir='ltr'><strong>n.</strong></span> <span class='ocrx_word' id='word_1_203' title='bbox 1445 3531 1478 3571; x_wconf 82' lang='lat' dir='ltr'><strong>no.</strong></span> <span class='ocrx_word' id='word_1_204' title='bbox 1493 3539 1550 3575; x_wconf 75' lang='lat' dir='ltr'><strong>ivs.</strong></span> <span class='ocrx_word' id='word_1_205' title='bbox 1564 3539 1590 3574; x_wconf 70' lang='lat' dir='ltr'><strong>n.</strong></span> <span class='ocrx_word' id='word_1_206' title='bbox 1605 3531 1663 3573; x_wconf 79' lang='grc' dir='ltr'>ιιιι.</span> 
     </span>
    </p>
   </div>
   <div class='ocr_carea' id='block_1_9' title="bbox 831 3699 1244 3755">
    <p class='ocr_par' dir='ltr' id='par_1_9' title="bbox 831 3699 1244 3755">
     <span class='ocr_line' id='line_1_24' title="bbox 831 3699 1244 3755; baseline 0 -4"><span class='ocrx_word' id='word_1_207' title='bbox 831 3699 1081 3755; x_wconf 77' lang='lat' dir='ltr'>SACROSANCTO</span> <span class='ocrx_word' id='word_1_208' title='bbox 1102 3704 1244 3752; x_wconf 80' lang='lat' dir='ltr'><strong>vltssnno</strong></span> 
     </span>
    </p>
   </div>
   <div class='ocr_carea' id='block_1_10' title="bbox 607 3798 1468 3959">
    <p class='ocr_par' dir='ltr' id='par_1_10' title="bbox 607 3798 1468 3959">
     <span class='ocr_line' id='line_1_25' title="bbox 607 3798 1468 3856; baseline -0.002 -2"><span class='ocrx_word' id='word_1_209' title='bbox 607 3812 774 3855; x_wconf 76' lang='lat' dir='ltr'><strong>nnossrno</strong></span> <span class='ocrx_word' id='word_1_210' title='bbox 797 3814 940 3855; x_wconf 75' lang='lat' dir='ltr'><strong>suuncio</strong></span> <span class='ocrx_word' id='word_1_211' title='bbox 961 3816 1064 3856; x_wconf 72' lang='lat' dir='ltr'><strong>sirico</strong></span> <span class='ocrx_word' id='word_1_212' title='bbox 1087 3817 1129 3855; x_wconf 80' lang='lat' dir='ltr'><strong>er</strong></span> <span class='ocrx_word' id='word_1_213' title='bbox 1153 3814 1304 3856; x_wconf 79' lang='lat' dir='ltr'><strong>conenno</strong></span> <span class='ocrx_word' id='word_1_214' title='bbox 1328 3815 1369 3855; x_wconf 81' lang='lat' dir='ltr'><strong>ur</strong></span> <span class='ocrx_word' id='word_1_215' title='bbox 1391 3798 1468 3854; x_wconf 82' lang='lat' dir='ltr'><strong>rino</strong></span> 
     </span>
     <span class='ocr_line' id='line_1_26' title="bbox 953 3902 1123 3959; baseline -0.006 -2"><span class='ocrx_word' id='word_1_216' title='bbox 953 3903 985 3957; x_wconf 86' lang='lat' dir='ltr'><strong>hl.</strong></span> <span class='ocrx_word' id='word_1_217' title='bbox 1010 3902 1123 3959; x_wconf 78' lang='lat' dir='ltr'>RVFVS.</span> 
     </span>
    </p>
   </div>
   <div class='ocr_carea' id='block_1_11' title="bbox 362 4034 1690 4625">
    <p class='ocr_par' dir='ltr' id='par_1_11' title="bbox 362 4034 1690 4625">
     <span class='ocr_line' id='line_1_27' title="bbox 473 4034 1690 4116; baseline 0.002 -21"><span class='ocrx_word' id='word_1_218' title='bbox 473 4039 552 4095; x_wconf 82' lang='lat' dir='ltr'><strong>{nitio</strong></span> <span class='ocrx_word' id='word_1_219' title='bbox 576 4036 625 4092; x_wconf 92' lang='lat' dir='ltr'><strong>tihi</strong></span> <span class='ocrx_word' id='word_1_220' title='bbox 649 4045 678 4093; x_wconf 94' lang='lat' dir='ltr'><strong>ut</strong></span> <span class='ocrx_word' id='word_1_221' title='bbox 699 4034 785 4091; x_wconf 88' lang='lat' dir='ltr'><strong>dehco</strong></span> <span class='ocrx_word' id='word_1_222' title='bbox 805 4036 920 4093; x_wconf 79' lang='lat' dir='ltr'><strong>salntem</strong></span> <span class='ocrx_word' id='word_1_223' title='bbox 940 4038 1010 4094; x_wconf 88' lang='lat' dir='ltr'><strong>dico.</strong></span> <span class='ocrx_word' id='word_1_224' title='bbox 1043 4048 1069 4093; x_wconf 88' lang='lat' dir='ltr'><strong>tc</strong></span> <span class='ocrx_word' id='word_1_225' title='bbox 1089 4038 1160 4094; x_wconf 78' lang='lat' dir='ltr'><strong>entim</strong></span> <span class='ocrx_word' id='word_1_226' title='bbox 1177 4036 1279 4094; x_wconf 80' lang='lat' dir='ltr'><strong>salvum</strong></span> <span class='ocrx_word' id='word_1_227' title='bbox 1295 4046 1323 4094; x_wconf 87' lang='lat' dir='ltr'><strong>ct</strong></span> <span class='ocrx_word' id='word_1_228' title='bbox 1337 4038 1483 4095; x_wconf 84' lang='lat' dir='ltr'><strong>honestum</strong></span> <span class='ocrx_word' id='word_1_229' title='bbox 1499 4056 1560 4095; x_wconf 88' lang='lat' dir='ltr'><strong>esse</strong></span> <span class='ocrx_word' id='word_1_230' title='bbox 1581 4058 1690 4116; x_wconf 91' lang='lat' dir='ltr'><strong>semper</strong></span> 
     </span>
     <span class='ocr_line' id='line_1_28' title="bbox 362 4121 1688 4199; baseline 0.003 -21"><span class='ocrx_word' id='word_1_231' title='bbox 362 4123 470 4182; x_wconf 64' lang='lat' dir='ltr'><strong>urolui.</strong></span> <span class='ocrx_word' id='word_1_232' title='bbox 508 4124 564 4197; x_wconf 73' lang='lat' dir='ltr'><strong>hgo</strong></span> <span class='ocrx_word' id='word_1_233' title='bbox 580 4123 603 4178; x_wconf 90' lang='lat' dir='ltr'><strong>si</strong></span> <span class='ocrx_word' id='word_1_234' title='bbox 620 4121 721 4194; x_wconf 71' lang='lat' dir='ltr'><strong>quaeris</strong></span> <span class='ocrx_word' id='word_1_235' title='bbox 736 4122 799 4193; x_wconf 89' lang='lat' dir='ltr'><strong>qnid</strong></span> <span class='ocrx_word' id='word_1_236' title='bbox 817 4122 912 4194; x_wconf 79' lang='lat' dir='ltr'><strong>legum,</strong></span> <span class='ocrx_word' id='word_1_237' title='bbox 929 4125 1042 4180; x_wconf 81' lang='lat' dir='ltr'><strong>contero</strong></span> <span class='ocrx_word' id='word_1_238' title='bbox 1058 4124 1162 4179; x_wconf 70' lang='lat' dir='ltr'><strong>hervidis</strong></span> <span class='ocrx_word' id='word_1_239' title='bbox 1178 4124 1294 4198; x_wconf 82' lang='lat' dir='ltr'><strong>hymnos</strong></span> <span class='ocrx_word' id='word_1_240' title='bbox 1309 4133 1336 4180; x_wconf 84' lang='lat' dir='ltr'><strong>et</strong></span> <span class='ocrx_word' id='word_1_241' title='bbox 1352 4123 1440 4179; x_wconf 81' lang='lat' dir='ltr'><strong>verliis</strong></span> <span class='ocrx_word' id='word_1_242' title='bbox 1457 4143 1542 4199; x_wconf 88' lang='lat' dir='ltr'><strong>propo</strong></span> <span class='ocrx_word' id='word_1_243' title='bbox 1563 4126 1688 4199; x_wconf 80' lang='lat' dir='ltr'><strong>singulis,</strong></span> 
     </span>
     <span class='ocr_line' id='line_1_29' title="bbox 394 4206 1689 4286; baseline 0.004 -25"><span class='ocrx_word' id='word_1_244' title='bbox 394 4211 484 4266; x_wconf 82' lang='lat' dir='ltr'><strong>nedum</strong></span> <span class='ocrx_word' id='word_1_245' title='bbox 500 4225 627 4264; x_wconf 86' lang='lat' dir='ltr'><strong>versuum</strong></span> <span class='ocrx_word' id='word_1_246' title='bbox 643 4206 815 4262; x_wconf 83' lang='lat' dir='ltr'><strong>sententiolis</strong></span> <span class='ocrx_word' id='word_1_247' title='bbox 833 4208 963 4264; x_wconf 87' lang='lat' dir='ltr'><strong>immoror</strong></span> <span class='ocrx_word' id='word_1_248' title='bbox 979 4250 1222 4264; x_wconf 88' lang='grc'>...........</span> <span class='ocrx_word' id='word_1_249' title='bbox 1240 4210 1416 4284; x_wconf 83' lang='lat' dir='ltr'><strong>Triumphum</strong></span> <span class='ocrx_word' id='word_1_250' title='bbox 1433 4210 1527 4266; x_wconf 85' lang='lat' dir='ltr'><strong>Neohii</strong></span> <span class='ocrx_word' id='word_1_251' title='bbox 1544 4220 1571 4267; x_wconf 94' lang='lat' dir='ltr'><strong>et</strong></span> <span class='ocrx_word' id='word_1_252' title='bbox 1587 4213 1689 4286; x_wconf 87' lang='lat' dir='ltr'><strong>episto·</strong></span> 
     </span>
     <span class='ocr_line' id='line_1_30' title="bbox 393 4291 1688 4369; baseline 0.002 -20"><span class='ocrx_word' id='word_1_253' title='bbox 393 4294 486 4351; x_wconf 77' lang='lat' dir='ltr'><strong>lam-ad</strong></span> <span class='ocrx_word' id='word_1_254' title='bbox 500 4292 654 4367; x_wconf 72' lang='lat' dir='ltr'><strong>Agricolam</strong></span> <span class='ocrx_word' id='word_1_255' title='bbox 671 4291 785 4347; x_wconf 84' lang='lat' dir='ltr'><strong>restitue</strong></span> <span class='ocrx_word' id='word_1_256' title='bbox 801 4335 808 4347; x_wconf 85' lang='lat'><strong>.</strong></span> <span class='ocrx_word' id='word_1_257' title='bbox 824 4293 847 4347; x_wconf 93' lang='lat' dir='ltr'><strong>si</strong></span> <span class='ocrx_word' id='word_1_258' title='bbox 864 4292 939 4348; x_wconf 90' lang='lat' dir='ltr'><strong>illum</strong></span> <span class='ocrx_word' id='word_1_259' title='bbox 954 4293 1159 4355; x_wconf 81' lang='lat' dir='ltr'><strong>ahulicrinveris,</strong></span> <span class='ocrx_word' id='word_1_260' title='bbox 1176 4296 1254 4351; x_wconf 82' lang='lat' dir='ltr'><strong>mille</strong></span> <span class='ocrx_word' id='word_1_261' title='bbox 1270 4296 1346 4357; x_wconf 83' lang='lat' dir='ltr'><strong>hunc.</strong></span> <span class='ocrx_word' id='word_1_262' title='bbox 1363 4313 1414 4368; x_wconf 89' lang='lat' dir='ltr'><strong>pro</strong></span> <span class='ocrx_word' id='word_1_263' title='bbox 1430 4314 1481 4369; x_wconf 84' lang='lat' dir='ltr'><strong>qun</strong></span> <span class='ocrx_word' id='word_1_264' title='bbox 1498 4295 1585 4352; x_wconf 75' lang='lat' dir='ltr'><strong>hdhco</strong></span> <span class='ocrx_word' id='word_1_265' title='bbox 1600 4297 1688 4352; x_wconf 79' lang='lat' dir='ltr'><strong>alium.</strong></span> 
     </span>
     <span class='ocr_line' id='line_1_31' title="bbox 394 4376 1689 4454; baseline -0.002 -18"><span class='ocrx_word' id='word_1_266' title='bbox 394 4379 445 4454; x_wconf 73' lang='lat' dir='ltr'><strong>Ego</strong></span> <span class='ocrx_word' id='word_1_267' title='bbox 459 4380 518 4435; x_wconf 90' lang='lat' dir='ltr'><strong>misi</strong></span> <span class='ocrx_word' id='word_1_268' title='bbox 534 4379 566 4435; x_wconf 81' lang='lat' dir='ltr'><strong>ad</strong></span> <span class='ocrx_word' id='word_1_269' title='bbox 582 4376 717 4434; x_wconf 76' lang='lat' dir='ltr'><strong>nundinas</strong></span> <span class='ocrx_word' id='word_1_270' title='bbox 732 4377 900 4450; x_wconf 75' lang='lat' dir='ltr'><strong>Neciliurgius</strong></span> <span class='ocrx_word' id='word_1_271' title='bbox 915 4396 1014 4434; x_wconf 80' lang='lat' dir='ltr'><strong>aureos</strong></span> <span class='ocrx_word' id='word_1_272' title='bbox 1030 4380 1164 4454; x_wconf 86' lang='lat' dir='ltr'><strong>quinque,</strong></span> <span class='ocrx_word' id='word_1_273' title='bbox 1181 4389 1212 4436; x_wconf 93' lang='lat' dir='ltr'><strong>ut</strong></span> <span class='ocrx_word' id='word_1_274' title='bbox 1228 4380 1416 4438; x_wconf 84' lang='lat' dir='ltr'><strong>nninnscuhtm</strong></span> <span class='ocrx_word' id='word_1_275' title='bbox 1432 4390 1620 4454; x_wconf 87' lang='lat' dir='ltr'><strong>supportetur.</strong></span> <span class='ocrx_word' id='word_1_276' title='bbox 1642 4379 1689 4435; x_wconf 92' lang='lat' dir='ltr'><strong>llic</strong></span> 
     </span>
     <span class='ocr_line' id='line_1_32' title="bbox 393 4461 1688 4536; baseline -0.002 -17"><span class='ocrx_word' id='word_1_277' title='bbox 393 4465 482 4520; x_wconf 89' lang='lat' dir='ltr'><strong>desino</strong></span> <span class='ocrx_word' id='word_1_278' title='bbox 504 4473 530 4521; x_wconf 84' lang='lat' dir='ltr'><strong>te</strong></span> <span class='ocrx_word' id='word_1_279' title='bbox 546 4461 673 4536; x_wconf 77' lang='lat' dir='ltr'><strong>culpare.</strong></span> <span class='ocrx_word' id='word_1_280' title='bbox 704 4463 782 4520; x_wconf 82' lang='lat' dir='ltr'><strong>ninus</strong></span> <span class='ocrx_word' id='word_1_281' title='bbox 805 4464 922 4519; x_wconf 86' lang='lat' dir='ltr'><strong>lortnsse</strong></span> <span class='ocrx_word' id='word_1_282' title='bbox 943 4480 1002 4519; x_wconf 88' lang='lat' dir='ltr'><strong>suin</strong></span> <span class='ocrx_word' id='word_1_283' title='bbox 1024 4482 1163 4526; x_wconf 87' lang='lat' dir='ltr'><strong>morosus,</strong></span> <span class='ocrx_word' id='word_1_284' title='bbox 1191 4483 1225 4520; x_wconf 89' lang='lat' dir='ltr'><strong>nc</strong></span> <span class='ocrx_word' id='word_1_285' title='bbox 1245 4467 1330 4522; x_wconf 81' lang='lat' dir='ltr'><strong>diram</strong></span> <span class='ocrx_word' id='word_1_286' title='bbox 1350 4466 1566 4521; x_wconf 88' lang='lat' dir='ltr'><strong>contumeliosus</strong></span> <span class='ocrx_word' id='word_1_287' title='bbox 1587 4464 1688 4520; x_wconf 88' lang='lat' dir='ltr'><strong>mnicis.</strong></span> 
     </span>
     <span class='ocr_line' id='line_1_33' title="bbox 364 4548 1688 4625; baseline -0.005 -16"><span class='ocrx_word' id='word_1_288' title='bbox 364 4549 461 4609; x_wconf 64' lang='lat' dir='ltr'><strong>»Setis</strong></span> <span class='ocrx_word' id='word_1_289' title='bbox 476 4559 502 4606; x_wconf 87' lang='lat' dir='ltr'><strong>te</strong></span> <span class='ocrx_word' id='word_1_290' title='bbox 518 4548 655 4622; x_wconf 86' lang='lat' dir='ltr'><strong>increpui,</strong></span> <span class='ocrx_word' id='word_1_291' title='bbox 678 4564 748 4604; x_wconf 91' lang='lat' dir='ltr'><strong>nunc</strong></span> <span class='ocrx_word' id='word_1_292' title='bbox 764 4548 800 4603; x_wconf 90' lang='lat' dir='ltr'><strong>sit</strong></span> <span class='ocrx_word' id='word_1_293' title='bbox 815 4549 901 4623; x_wconf 85' lang='lat' dir='ltr'><strong>quies.</strong></span> <span class='ocrx_word' id='word_1_294' title='bbox 928 4549 975 4605; x_wconf 87' lang='lat' dir='ltr'><strong>scd</strong></span> <span class='ocrx_word' id='word_1_295' title='bbox 992 4550 1120 4623; x_wconf 66' lang='lat' dir='ltr'><strong>penitet,</strong></span> <span class='ocrx_word' id='word_1_296' title='bbox 1138 4551 1235 4624; x_wconf 86' lang='lat' dir='ltr'><strong>pudet,</strong></span> <span class='ocrx_word' id='word_1_297' title='bbox 1262 4551 1338 4625; x_wconf 75' lang='lat' dir='ltr'><strong>piget</strong></span> <span class='ocrx_word' id='word_1_298' title='bbox 1353 4568 1396 4606; x_wconf 88' lang='lat' dir='ltr'><strong>me</strong></span> <span class='ocrx_word' id='word_1_299' title='bbox 1412 4551 1554 4624; x_wconf 87' lang='lat' dir='ltr'><strong>scripsisse</strong></span> <span class='ocrx_word' id='word_1_300' title='bbox 1569 4550 1602 4606; x_wconf 82' lang='lat' dir='ltr'><strong>ud</strong></span> <span class='ocrx_word' id='word_1_301' title='bbox 1620 4555 1688 4603; x_wconf 87' lang='lat' dir='ltr'><strong>teet</strong></span> 
     </span>
    </p>
   </div>
   <div class='ocr_carea' id='block_1_12' title="bbox 395 4730 1687 4881">
    <p class='ocr_par' dir='ltr' id='par_1_12' title="bbox 395 4730 1687 4881">
     <span class='ocr_line' id='line_1_34' title="bbox 395 4730 1687 4798; baseline -0.002 -16"><span class='ocrx_word' id='word_1_302' title='bbox 395 4731 489 4787; x_wconf 85' lang='lat' dir='ltr'><strong>xvttl.</strong></span> <span class='ocrx_word' id='word_1_303' title='bbox 513 4733 555 4782; x_wconf 84' lang='lat' dir='ltr'><strong>Ex</strong></span> <span class='ocrx_word' id='word_1_304' title='bbox 572 4730 696 4781; x_wconf 83' lang='lat' dir='ltr'><strong>ciusdem</strong></span> <span class='ocrx_word' id='word_1_305' title='bbox 712 4732 1073 4798; x_wconf 78' lang='lat' dir='ltr'><strong>Mutianiep.cccm1111.</strong></span> <span class='ocrx_word' id='word_1_306' title='bbox 1099 4731 1247 4795; x_wconf 82' lang='lat' dir='ltr'><strong>eodemque</strong></span> <span class='ocrx_word' id='word_1_307' title='bbox 1260 4735 1306 4776; x_wconf 81' lang='lat' dir='ltr'><strong>MS.</strong></span> <span class='ocrx_word' id='word_1_308' title='bbox 1321 4732 1380 4781; x_wconf 91' lang='lat' dir='ltr'><strong>cod.</strong></span> <span class='ocrx_word' id='word_1_309' title='bbox 1393 4732 1438 4781; x_wconf 76' lang='lat' dir='ltr'><strong>nt.</strong></span> <span class='ocrx_word' id='word_1_310' title='bbox 1480 4730 1687 4781; x_wconf 79' lang='lat' dir='ltr'><strong>Cl.00nr.hlu·</strong></span> 
     </span>
     <span class='ocr_line' id='line_1_35' title="bbox 509 4813 1565 4881; baseline -0.005 -14"><span class='ocrx_word' id='word_1_311' title='bbox 509 4819 581 4869; x_wconf 83' lang='lat' dir='ltr'><strong>tiani</strong></span> <span class='ocrx_word' id='word_1_312' title='bbox 596 4814 815 4881; x_wconf 82' lang='lat' dir='ltr'><strong>RufiEpietolur.</strong></span> <span class='ocrx_word' id='word_1_313' title='bbox 830 4818 1088 4867; x_wconf 80' lang='lat' dir='ltr'><strong>uW.E.Tentzelio</strong></span> <span class='ocrx_word' id='word_1_314' title='bbox 1101 4816 1175 4867; x_wconf 77' lang='lat' dir='ltr'><strong>lente</strong></span> <span class='ocrx_word' id='word_1_315' title='bbox 1189 4832 1214 4864; x_wconf 83' lang='lat' dir='ltr'><strong>a.</strong></span> <span class='ocrx_word' id='word_1_316' title='bbox 1228 4813 1301 4864; x_wconf 77' lang='lat'>1701.</span> <span class='ocrx_word' id='word_1_317' title='bbox 1315 4815 1414 4865; x_wconf 83' lang='lat' dir='ltr'><strong>editur.</strong></span> <span class='ocrx_word' id='word_1_318' title='bbox 1427 4833 1453 4880; x_wconf 88' lang='lat' dir='ltr'><strong>p.</strong></span> <span class='ocrx_word' id='word_1_319' title='bbox 1463 4814 1518 4864; x_wconf 82' lang='lat'>180.</span> <span class='ocrx_word' id='word_1_320' title='bbox 1525 4831 1565 4878; x_wconf 87' lang='lat' dir='ltr'><strong>sq.</strong></span> 
     </span>
    </p>
   </div>
   <div class='ocr_carea' id='block_1_13' title="bbox 397 4966 1689 5230">
    <p class='ocr_par' dir='ltr' id='par_1_13' title="bbox 397 4966 1689 5230">
     <span class='ocr_line' id='line_1_36' title="bbox 457 4966 1689 5038; baseline -0.007 -15"><span class='ocrx_word' id='word_1_321' title='bbox 457 4970 491 5004; x_wconf 75' lang='lat'><strong>⁸¹⁴</strong></span> <span class='ocrx_word' id='word_1_322' title='bbox 513 4972 709 5038; x_wconf 78' lang='lat' dir='ltr'><strong>Aperbnchum</strong></span> <span class='ocrx_word' id='word_1_323' title='bbox 727 4976 756 5021; x_wconf 82' lang='lat' dir='ltr'><strong>et</strong></span> <span class='ocrx_word' id='word_1_324' title='bbox 775 4972 938 5022; x_wconf 84' lang='lat' dir='ltr'><strong>Hntlennm.</strong></span> <span class='ocrx_word' id='word_1_325' title='bbox 974 4972 1043 5032; x_wconf 82' lang='lat' dir='ltr'><strong>Quae</strong></span> <span class='ocrx_word' id='word_1_326' title='bbox 1062 4971 1090 5019; x_wconf 87' lang='lat' dir='ltr'><strong>in</strong></span> <span class='ocrx_word' id='word_1_327' title='bbox 1108 4967 1168 5017; x_wconf 83' lang='lat' dir='ltr'><strong>cod.</strong></span> <span class='ocrx_word' id='word_1_328' title='bbox 1182 4968 1306 5034; x_wconf 69' lang='lat' dir='ltr'><strong>Sningnll·</strong></span> <span class='ocrx_word' id='word_1_329' title='bbox 1320 4969 1444 5033; x_wconf 85' lang='lat' dir='ltr'><strong>seqnitur</strong></span> <span class='ocrx_word' id='word_1_330' title='bbox 1455 4966 1613 5032; x_wconf 78' lang='lat' dir='ltr'><strong>Aperhnchi</strong></span> <span class='ocrx_word' id='word_1_331' title='bbox 1632 4968 1689 5031; x_wconf 88' lang='lat' dir='ltr'><strong>epi-</strong></span> 
     </span>
     <span class='ocr_line' id='line_1_37' title="bbox 397 5055 1179 5121; baseline 0.003 -18"><span class='ocrx_word' id='word_1_332' title='bbox 397 5055 462 5107; x_wconf 75' lang='lat' dir='ltr'><strong>stole</strong></span> <span class='ocrx_word' id='word_1_333' title='bbox 479 5056 528 5121; x_wconf 66' lang='lat' dir='ltr'><strong>(nh</strong></span> <span class='ocrx_word' id='word_1_334' title='bbox 541 5056 596 5121; x_wconf 78' lang='lat'><strong>33.)</strong></span> <span class='ocrx_word' id='word_1_335' title='bbox 613 5058 682 5106; x_wconf 80' lang='lat' dir='ltr'><strong>dete</strong></span> <span class='ocrx_word' id='word_1_336' title='bbox 699 5062 743 5110; x_wconf 83' lang='lat' dir='ltr'><strong>est</strong></span> <span class='ocrx_word' id='word_1_337' title='bbox 754 5058 830 5107; x_wconf 85' lang='lat' dir='ltr'><strong>Rom.</strong></span> <span class='ocrx_word' id='word_1_338' title='bbox 844 5074 890 5108; x_wconf 84' lang='lat' dir='ltr'><strong>xv.</strong></span> <span class='ocrx_word' id='word_1_339' title='bbox 904 5058 949 5106; x_wconf 86' lang='lat' dir='ltr'><strong>die</strong></span> <span class='ocrx_word' id='word_1_340' title='bbox 963 5056 1051 5119; x_wconf 78' lang='lat' dir='ltr'><strong>April.</strong></span> <span class='ocrx_word' id='word_1_341' title='bbox 1065 5068 1163 5105; x_wconf 77' lang='lat' dir='ltr'><strong>noxis.</strong></span> <span class='ocrx_word' id='word_1_342' title='bbox 1178 5069 1179 5073; x_wconf 51' lang='lat'>¹</span> 
     </span>
     <span class='ocr_line' id='line_1_38' title="bbox 461 5139 1199 5230; baseline -0.007 -38"><span class='ocrx_word' id='word_1_343' title='bbox 461 5142 472 5175; x_wconf 84' lang='lat'>⁸</span> <span class='ocrx_word' id='word_1_344' title='bbox 488 5141 569 5192; x_wconf 75' lang='grc'><strong>(1.21.</strong></span> <span class='ocrx_word' id='word_1_345' title='bbox 582 5143 665 5193; x_wconf 88' lang='lat' dir='ltr'><strong>Iunii.</strong></span> <span class='ocrx_word' id='word_1_346' title='bbox 723 5139 742 5173; x_wconf 89' lang='lat'><strong>¹¹</strong></span> <span class='ocrx_word' id='word_1_347' title='bbox 762 5141 858 5207; x_wconf 80' lang='lat' dir='ltr'><strong>Accio]</strong></span> <span class='ocrx_word' id='word_1_348' title='bbox 871 5150 923 5192; x_wconf 78' lang='lat' dir='ltr'><strong>siue</strong></span> <span class='ocrx_word' id='word_1_349' title='bbox 935 5142 1013 5191; x_wconf 79' lang='lat' dir='ltr'><strong>Attio</strong></span> <span class='ocrx_word' id='word_1_350' title='bbox 1025 5145 1145 5230; x_wconf 61' lang='lat' dir='ltr'><strong>sculptum</strong></span> <span class='ocrx_word' id='word_1_351' title='bbox 1157 5143 1199 5188; x_wconf 75' lang='lat' dir='ltr'><strong>eit.</strong></span> 
     </span>
    </p>
   </div>
   <div class='ocr_carea' id='block_1_14' title="bbox 0 0 2055 6209">
    <p class='ocr_par' dir='ltr' id='par_1_14' title="bbox 0 0 2055 6209">
     <span class='ocr_line' id='line_1_39' title="bbox 0 0 2055 6209; baseline 0 0"><span class='ocrx_word' id='word_1_352' title='bbox 0 0 2055 6209; x_wconf 95' lang='lat' dir='ltr'><strong> </strong></span> 
     </span>
    </p>
   </div>
  </div>
 </body>
</html>
