4067 6209
467 745 537 817 144
573 759 661 809 Lvn.
674 773 820 810 nvrrnrvs
831 774 942 810 urm
951 774 1062 810 corrono
1072 775 1234 812 nucumve
1244 775 1309 812 nvn.
1318 776 1395 813 vrso.
1404 778 1430 813 n.
1439 770 1471 811 12.
1480 778 1536 814 rvr.
1545 779 1569 813 n.
1577 771 1638 813 1517.

462 950 553 1008 super
566 931 698 991 omnibus
714 933 898 1006 priviteniis,
917 931 1169 1007 Immunitatibus,
1191 934 1337 1007 Induitis,
1364 935 1538 1006 honoribus,
1563 938 1760 1023 preeminen-

462 1038 525 1107 tiis‚
551 1036 675 1107 nuntiis,
703 1040 731 1091 et
757 1034 938 1092 libertatibus
958 1035 1052 1093 tibere
1076 1038 1131 1107 uti,
1156 1036 1237 1109 frui,
1265 1044 1294 1096 et
1317 1038 1454 1110 qaindere
1479 1038 1587 1096 debeas
1608 1044 1637 1096 et
1654 1039 1761 1111 possis,

463 1136 568 1210 auibus
594 1138 688 1222 ceteri
713 1134 799 1224 Paete
821 1152 840 1191 a
865 1136 947 1195 nobis
967 1137 1114 1195 Laurenti
1133 1154 1172 1195 nc
1195 1137 1334 1197 Oratores
1352 1138 1452 1210 fructi
1467 1145 1537 1197 sunt
1556 1147 1585 1198 et
1603 1141 1651 1196 usi
1668 1138 1761 1210 suere

406 1255 513 1309 §.nseu
540 1236 751 1310 quomodolibet
772 1236 908 1309 baadeni
930 1240 1142 1297 consuetudine
1170 1242 1216 1298 oet
1237 1241 1274 1299 de
1299 1242 1373 1299 iure.
1414 1240 1454 1298 Et
1480 1243 1609 1315 amptius
1631 1248 1663 1298 ut
1685 1241 1761 1298 ube-

461 1342 537 1399 riori
552 1341 656 1414 qrntin
670 1345 773 1396 nostra
787 1347 814 1395 te
833 1347 1019 1412 prosemetum
1034 1343 1157 1410 senties,
1185 1340 1224 1400 Te
1240 1341 1365 1400 eundem
1388 1342 1561 1400 Veinlricum
1578 1358 1645 1401 eum
1661 1345 1782 1400 omni-s

462 1442 515 1501 bus
537 1441 634 1512 bouis,
661 1439 762 1510 rebus,
787 1442 962 1507 actionibus,
984 1449 1013 1500 et
1033 1443 1148 1500 iuribus
1169 1445 1226 1500 tuis
1238 1451 1308 1501 tam
1325 1443 1515 1533 presentibus
1537 1460 1626 1517 qncnm
1644 1442 1761 1515 fictoris

462 1548 492 1603 in
512 1550 643 1602 nostram
664 1551 693 1600 et
716 1546 800 1602 sacri
820 1544 939 1618 imperii
955 1546 1183 1616 protectionem,
1211 1546 1359 1603 tuitionem
1385 1554 1413 1604 et
1433 1545 1682 1619 salvanunruinm
1705 1562 1759 1603 ns-

461 1648 651 1720 snmpsimus‚
677 1647 910 1719 circumimus,
937 1653 1028 1719 prout
1049 1651 1149 1704 tenore
1167 1650 1351 1735 presentium
1372 1663 1514 1721 expresse
1531 1649 1709 1705 assumimus
1732 1654 1760 1706 et

461 1741 641 1822 erupimus,
671 1747 863 1805 concedentes
887 1746 940 1804 tibi
958 1754 987 1805 et
1012 1749 1190 1820 etarnientes
1219 1756 1251 1807 ut
1277 1748 1362 1822 anuo
1380 1751 1493 1807 nultum
1516 1752 1608 1807 otium
1630 1750 1759 1808 iudicem

462 1866 551 1924 quam
572 1850 658 1925 apud
677 1864 743 1919 uos,
769 1858 798 1906 et
818 1847 1007 1906 Successores
1034 1856 1147 1907 nostros
1170 1848 1371 1909 Romanorum
1393 1850 1490 1923 Renes
1511 1858 1540 1909 et
1561 1850 1702 1943 Cesares,
1732 1859 1760 1908 et
1772 1866 1796 1905 ro

461 1954 614 2012 consitium
636 1956 818 2008 nostramet
842 1965 944 2008 eorum
964 1952 994 2008 in
1020 1952 1066 2009 ius
1093 1954 1196 2010 uocari
1220 1959 1249 2009 et
1277 1954 1339 2009 iuri
1360 1957 1440 2009 stare
1461 1955 1560 2026 possis
1585 1963 1613 2011 et
1641 1952 1759 2011 debens.

405 2066 450 2117 ts.
464 2054 646 2113 Mandantes
666 2054 775 2111 iccirco
795 2053 941 2110 uniuersis
961 2058 990 2110 et
1015 2054 1140 2125 sinuatis
1167 2055 1251 2111 sacri
1271 2053 1326 2112 Bo.
1344 2053 1470 2127 Imperii
1488 2054 1678 2129 Principibus
1699 2061 1759 2112 tam

462 2156 677 2216 Ecclesiasticis
698 2169 787 2227 quam
806 2154 1005 2225 secutaribus,
1029 2153 1300 2226 Communitntibus,
1339 2155 1593 2227 Vniuersitntibus,
1624 2155 1761 2229 Colleaiis

460 2267 489 2319 et
507 2258 637 2317 Subditis
658 2272 899 2330 quorumcunque
917 2259 1048 2315 locormn
1073 2273 1130 2331 per
1151 2259 1320 2316 uniuersam
1348 2264 1479 2315 anstrum
1501 2258 1668 2316 itomanam
1689 2257 1757 2316 Im-

458 2364 576 2436 perium
596 2362 732 2431 sitorum,
755 2361 956 2431 cuiuscunque
975 2361 1035 2417 sint
1055 2359 1243 2430 conditionis,
1259 2359 1393 2432 aradus,
1420 2360 1534 2418 ordinis
1555 2367 1583 2418 et
1602 2367 1705 2432 statas,
1726 2368 1758 2417 ut
1770 2376 1792 2415 rs

435 2459 440 2467 '
461 2472 488 2523 te
505 2464 698 2533 bonnosco,
727 2476 816 2534 quam
838 2461 891 2518 tibi
912 2463 1017 2532 inroiti
1036 2476 1137 2519 snmus
1158 2462 1316 2534 niquitate,
1338 2477 1376 2520 ac
1395 2461 1527 2520 omnibus
1549 2464 1760 2536 prreroaatiois

460 2573 490 2624 et
504 2564 667 2638 iussionibus
688 2565 752 2621 eius
771 2564 991 2635 qualiacunque
1010 2563 1049 2619 rte
1070 2565 1135 2620 iure
1149 2570 1177 2622 et
1191 2564 1401 2622 consuetudine
1415 2571 1583 2634 serventur,
1605 2566 1661 2634 niti,
1679 2562 1759 2634 frui,

459 2667 596 2740 uendere
616 2671 646 2724 et
662 2664 758 2738 potiri
776 2664 966 2737 permittunt,
996 2679 1053 2721 nec
1074 2679 1132 2722 reon
1155 2671 1182 2723 te
1206 2672 1311 2723 contra
1335 2665 1509 2755 predictam
1529 2672 1661 2723 nostram
1681 2681 1760 2740 pro-

463 2771 613 2828 tectionem
639 2767 801 2840 impulsare
830 2772 883 2853 aut
909 2768 1064 2823 molestare
1091 2768 1239 2824 aliotenus
1260 2773 1441 2855 presumant
1469 2767 1580 2826 directe
1607 2769 1654 2825 oet
1675 2768 1760 2826 indi-

407 2878 555 2943 turecte,
581 2868 635 2929 sub
653 2883 746 2943 poenn
763 2866 976 2941 indurationis
996 2873 1096 2954 nostre
1112 2869 1290 2957 brevissime
1314 2884 1352 2928 nc
1373 2869 1540 2942 quindecim
1561 2869 1794 2928 mnrebnrumio

462 2973 637 3046 aurinum,
665 2986 741 3044 quas
769 2963 1020 3041 contrafacientes
1043 2972 1147 3028 totiens
1174 2972 1306 3043 quotiens
1332 2969 1553 3041 contrafactum
1576 2969 1674 3042 fuerit
1694 2958 1760 3045 ipso

458 3075 545 3147 sacto
560 3075 722 3132 incurrisse
736 3071 926 3130 declaremus
937 3088 997 3147 per
1008 3077 1170 3160 presentes.
1197 3072 1329 3141 Oscorum
1345 3073 1467 3145 quidem
1478 3072 1662 3132 irradiantem
1672 3072 1759 3161 Esn-

460 3180 507 3237 rio
515 3184 615 3235 nostro
628 3175 769 3264 Cesareo,
792 3174 939 3246 reliquom
960 3189 1028 3232 aero
1039 3182 1159 3246 partem
1173 3176 1216 3231 tui
1243 3174 1379 3243 i'eintrici
1392 3178 1478 3249 passi
1497 3176 1639 3233 iniuriam
1659 3175 1761 3233 usibus

462 3281 650 3339 dermannus
664 3277 889 3351 applicandam.
926 3275 1043 3334 Harum
1061 3278 1221 3335 testimonio
1238 3278 1395 3335 literarum
1413 3277 1512 3349 Siaitti
1527 3277 1621 3334 nostri
1637 3293 1755 3352 appeu-

394 3390 453 3441 §·1⁰·
463 3385 544 3442 sione
565 3367 757 3439 munitarum.
799 3376 880 3438 Dori.
894 3380 925 3437 in
939 3380 1055 3437 ciuitate
1070 3386 1172 3436 nostra
1187 3378 1346 3451 imperiali
1361 3379 1494 3451 Anqusta
1505 3377 1561 3436 Die
1582 3377 1794 3436 connectaris

381 3531 384 3536 .
463 3485 575 3545 Mensis
590 3484 664 3543 Iulii
678 3482 763 3540 Anno
777 3480 897 3540 Domini
912 3479 1071 3540 Mittesimo
1091 3462 1323 3553 (mirraentesimo
1343 3480 1456 3539 decimo
1475 3481 1612 3554 septimo,
1634 3479 1760 3553 Benno-

461 3604 529 3647 rum
546 3592 712 3645 nostrorum
728 3583 858 3642 Romani
876 3581 1034 3641 Tricesimo
1052 3584 1196 3654 secundo,
1224 3581 1386 3669 Hunnorie
1407 3598 1476 3640 cero
1497 3584 1631 3640 uicesimo
1647 3588 1760 3643 oetnoo.

524 3737 528 3745 .
545 3688 785 3748 Maximitinnus.
999 3685 1237 3760 (inmunitatum
1254 3684 1400 3743 Cocsnreee
1420 3686 1532 3744 maiest.
1545 3685 1714 3759 proprium.

1219 3786 1392 3848 Sernteiner
1413 3802 1495 3862 mpp.

1020 4017 1119 4099 m
1767 4068 1793 4109 w

527 4177 569 4227 Ad
581 4178 659 4227 Petri
672 4176 783 4241 Aegidii
801 4174 1024 4239 lamentationis,
1045 4191 1099 4241 qun
1113 4175 1218 4227 Genius
1235 4174 1422 4227 Maximilisni
1436 4174 1557 4224 (bresorio
1575 4178 1691 4225 mortem
1710 4174 1758 4226 ‹le-

360 4307 365 4315 .
460 4261 565 4329 plorat,
585 4262 635 4312 hos
652 4276 749 4312 versus

764 4347 820 4408 „At
837 4361 886 4396 vos
904 4351 969 4395 onte
990 4344 1061 4395 alios
1080 4347 1142 4411 quis
1160 4335 1289 4396 nranibus
1308 4346 1397 4417 sacris

764 4427 1033 4481 Coenar'eontribuit
1050 4437 1126 4481 serta
1144 4432 1281 4495 virentia,

459 4606 545 4656 LVII.
569 4605 593 4653 2.
632 4603 898 4655 Rer.Germnnicnr.
914 4601 1070 4666 Scriptores
1094 4619 1127 4652 ex
1150 4602 1217 4651 bibl.
1230 4603 1319 4667 Marq.
1332 4600 1448 4651 Freheri
1473 4599 1574 4649 our.B.
1589 4597 1620 4647 G.
1636 4598 1758 4648 Struvio.

807 4694 871 4738 tom.
885 4689 921 4738 11.
935 4689 1082 4752 Argentor.
1098 4685 1170 4736 1717.
1185 4685 1233 4735 fol.
1248 4703 1273 4752 p.
1287 4685 1345 4737 763.
1361 4701 1400 4751 sq.

528 4842 814 4904 ¹Imunitntibrrs,A.
872 4842 991 4893 Indultis
1009 4817 1159 4892 honoribus
1173 4843 1198 4892 1.
1259 4837 1356 4889 ⁸srcti
1370 4840 1403 4889 Α.
1424 4839 1491 4888 freti
1505 4842 1529 4887 t.
1544 4841 1571 4887 2.
1632 4837 1759 4889 7ὃαίκά-

394 4941 402 4956 ·
460 4929 585 4994 gordiam
600 4932 658 4978 1.2.
711 4926 947 4978 ἱἐιΓειιιῑιίιηιιεΑ.
1002 4924 1023 4959 ¹⁷
1042 4928 1185 4977 serventur
1197 4928 1223 4975 2.
1277 4923 1299 4956 ²⁰
1317 4925 1483 4989 gravissima
1497 4929 1522 4974 2.
1580 4922 1757 4971 Marchnrum

461 5018 517 5065 t.2.
538 5014 622 5064 Etiam
633 5018 658 5063 in
671 5014 849 5076 aporiatur
861 5029 947 5062 manus
958 5013 1051 5062 indidit
1063 5012 1080 5060 h
1133 5006 1299 5060 ”meurisse
1313 5010 1347 5058 Α.
1401 5007 1612 5059 ²³Aernriot.2.
1666 5005 1688 5038 ²⁴
1709 5024 1757 5073 ap-

459 5100 656 5167 plicandumi.
705 5095 922 5148 ”Milletimim
977 5094 1217 5161 ²⁸Subscriptiones
1235 5097 1445 5146 omisernut1.2.
1499 5092 1757 5145 Maximinliansrt.
