4067 6209
788 443 872 530 ,ι
1039 429 1201 518 Μ,

380 808 567 864 ADDENDA.
603 806 694 860 XCV.
725 822 881 859 aureamin
898 821 936 859 tn
947 821 1061 860 Acmen.
1076 821 1110 856 ne
1124 820 1240 856 caussis
1254 820 1296 855 ar.
1310 820 1338 855 n.
1354 813 1372 855 t.
1386 821 1450 857 uov.
1467 814 1524 856 tato.
1595 790 1668 862 457

381 985 434 1039 ltuc
450 1000 536 1055 usque
555 983 651 1037 (latitura
667 1000 715 1055 per
736 982 862 1037 inituiam
880 982 941 1038 (latu
963 979 1028 1036 stiut
1049 997 1217 1053 quaemmque
1238 980 1294 1034 dari
1316 989 1474 1052 potueruut.
1518 1000 1579 1036 nam
1603 998 1672 1054 prae·

381 1066 541 1123 stautissimi
565 1066 665 1139 quique
690 1066 800 1121 disertis
828 1066 923 1121 imbuti
948 1065 1046 1120 studiis
1074 1074 1102 1120 et
1128 1063 1219 1137 legum
1243 1082 1430 1137 canonumque
1457 1066 1602 1139 prmleutia
1627 1084 1672 1121 ex-

382 1153 527 1208 uberanter
549 1152 638 1207 ornati
662 1152 748 1206 iacent
768 1150 889 1206 confossi
911 1152 1008 1205 laurum
1031 1149 1246 1205 aulrersariornm
1269 1148 1441 1223 improbitate
1459 1170 1489 1207 ae
1507 1150 1673 1208 calumniosa

381 1235 576 1292 maledicentia.
624 1235 712 1302 Quare
738 1253 849 1308 possum
876 1244 903 1290 et
929 1253 980 1306 ego
1008 1231 1057 1289 tilu
1090 1227 1344 1332 iurisconsulwr
1376 1253 1406 1290 ac
1436 1236 1576 1291 rethorum
1610 1253 1673 1308 pro·

358 1320 526 1395 apamiatori
550 1320 708 1376 «laetissimo
740 1320 765 1374 tt
790 1321 879 1376 elicere
903 1320 975 1393 quenl
996 1319 1122 1374 alinernnt
1141 1320 1238 1374 Nestor
1260 1335 1399 1393 prmmm.·
1416 1320 1511 1376 tleirule
1533 1319 1674 1377 Patroclus

381 1405 477 1462 Achilli
498 1404 641 1461 llamcrieo
664 1406 704 1460 sic
726 1404 890 1466 catenate.
914 1404 994 1460 Peleo
1016 1412 1093 1466 nate,
1117 1421 1247 1477 perquam
1263 1405 1494 1478 opportunissime
1512 1406 1672 1461 Aelurorum

382 1492 429 1547 ‘sic
453 1490 617 1561 imligueris.
651 1490 713 1545 talis
734 1492 806 1545 enim
827 1484 1010 1561 ‹tatufangu
1034 1489 1163 1551 tlcltiros.
1196 1489 1235 1543 illi
1260 1489 1368 1561 quitlem
1393 1508 1502 1552 orienes,
1518 1498 1674 1562 quotquot

382 1576 495 1648 ‘pritlcru
525 1581 603 1629 erarrt
629 1575 739 1647 optimi,
766 1575 793 1629 iu
820 1572 932 1629 naribus
966 1574 1054 1630 iacent
1082 1573 1204 1646 percussi
1234 1572 1434 1646 vulneratique.
1468 1575 1604 1630 saitae-latus
1631 1584 1674 1631 est

383 1659 507 1733 ‘l’plitles
531 1658 610 1714 fortis
630 1659 785 1720 ltitunetfes.
814 1657 970 1713 vulneratus
995 1666 1037 1713 est
1060 1658 1184 1731 Ulysses,
1217 1658 1394 1731 dignissimus
1416 1660 1529 1714 liastifer
1554 1668 1579 1714 ot
1604 1661 1673 1752 ltpa-

348 1754 534 1804 to‘nretunon,
565 1761 710 1815 percussus
731 1752 821 1799 estet
846 1741 999 1816 Eurypylus
1027 1743 1055 1797 in
1077 1743 1179 1798 femore
1201 1742 1270 1804 telo,
1302 1744 1373 1798 laune
1396 1753 1484 1799 nauem
1512 1745 1592 1800 atlitnu
1619 1763 1672 1816 ego

383 1838 480 1900 ‘utqrer
505 1827 575 1882 trani
601 1847 617 1883 e
639 1828 735 1900 praelio
759 1827 858 1899 sagitta
879 1828 905 1882 iu
927 1846 1008 1883 nervo
1035 1828 1170 1887 saucium.
1206 1837 1350 1900 postquam
1377 1828 1493 1883 ftclrilles
1522 1830 1562 1883 vir
1584 1828 1671 1884 frouus

383 1914 494 1968 ‘ltanaos
515 1930 568 1967 nou
591 1921 668 1968 curat
690 1930 740 1969 nec
762 1913 923 1968 miseratur'.
966 1912 1041 1967 llaud
1063 1911 1223 1968 alrsituilitor
1244 1913 1304 1967 audi
1328 1931 1382 1973 ruo,
1407 1913 1506 1986 inclyte
1524 1907 1727 1969 truttmunt-⁵·

383 1996 500 2059 tenuta,
524 1996 563 2051 rel
582 1997 722 2053 Nestorem
746 1998 793 2070 qui
811 1996 887 2052 senio
910 1997 1054 2059 carticina.
1079 1997 1118 2052 rel
1134 1996 1287 2052 Patroclum
1307 1997 1353 2070 qui
1373 1997 1469 2052 Achilli
1492 2017 1550 2053 sum
1571 1998 1672 2055 aturricus

383 2091 410 2137 et
429 2081 537 2136 laudum
558 2092 664 2136 tuauuu
686 2082 795 2137 futurus
813 2098 912 2155 praeco.
955 2081 981 2135 st
1004 2090 1032 2136 tu
1052 2083 1103 2137 hoe
1126 2091 1186 2137 aruc
1206 2082 1323 2136 triennio
1340 2082 1419 2136 elatus
1441 2100 1515 2138 esses
1541 2083 1584 2138 isti
1608 2083 1671 2139 rium

349 2183 373 2223 ta
384 2167 469 2225 imlex.
486 2167 587 2220 interea
604 2165 727 2239 profecto
746 2166 830 2221 multa
849 2165 959 2238 quitlem
976 2166 1094 2222 facinora
1110 2167 1179 2222 facta
1196 2166 1311 2222 fuissent
1327 2166 1434 2229 infecta,
1453 2168 1545 2222 natatta
1564 2168 1673 2223 fatumia

384 2251 514 2319 farragines
537 2268 589 2304 uon
614 2250 729 2307 fuissent
746 2260 841 2307 eontra
862 2267 903 2304 me
926 2251 1004 2323 piotm
1028 2271 1058 2306 ac
1078 2269 1128 2323 pro
1150 2252 1248 2305 rastris
1271 2251 1388 2312 mittun,
1420 2252 1512 2307 rttttltar
1535 2252 1673 2309 ianua-iasa

381 2334 593 2389 cantilenarum
610 2335 726 2391 fuissent
746 2335 920 2407 compositae,
942 2335 1034 2391 raama
1054 2335 1201 2392 titultorum
1225 2335 1374 2392 inimicicia·
1397 2353 1452 2391 uou
1478 2337 1593 2392 fuissent
1608 2356 1674 2394 eun·

382 2422 480 2474 citatae.
523 2419 598 2473 ll'unc
622 2419 709 2474 iacent
730 2418 984 2474 lrarbarissimorum
1005 2421 1142 2493 Phrygum
1165 2420 1337 2476 frementium
1361 2422 1543 2476 fatuicularum
1571 2433 1599 2478 et
1624 2424 1672 2478 lto·

383 2504 458 2558 uiuis
482 2513 621 2576 raptorum
645 2504 873 2560 tlalumuiensium
894 2504 1014 2566 iniuriis,
1046 2505 1206 2577 ignominia,
1228 2505 1402 2561 coutumeliis
1426 2515 1453 2561 et
1476 2507 1672 2562 rucndatiormu

348 2588 502 2643 minumum
524 2588 636 2659 sagitta.
667 2588 772 2659 plautio,
800 2588 904 2650 lancea,
936 2589 1022 2645 iaculo
1045 2589 1172 2663 permulti
1196 2589 1301 2645 nauales
1320 2598 1347 2645 et
1368 2590 1434 2646 clari
1455 2592 1596 2650 doctores.
1627 2592 1672 2647 alii

383 2672 489 2744 quietem
513 2672 630 2731 nrartui.
655 2673 699 2727 alii
722 2682 812 2728 antem
835 2673 971 2746 quercttssi,
995 2674 1088 2734 fracti.
1111 2674 1260 2735 vulnerati,
1285 2675 1382 2730 saucii:
1405 2676 1483 2730 llirns
1505 2676 1601 2730 Petrus
1624 2669 1729 2731 lla-ff·

383 2773 483 2811 rennas
504 2757 725 2813 consultissimus
746 2758 813 2813 iuris
836 2758 888 2813 hoc
911 2757 1050 2814 hominum
1077 2768 1200 2814 motrstru
1219 2760 1381 2815 tlselitlrrata
1408 2758 1458 2830 (sic
1481 2769 1509 2815 et
1534 2761 1674 2817 Cftaldaiee

382 2841 505 2895 tlialtolns
532 2842 688 2896 nominatur
709 2843 727 2897 l.
749 2843 794 2913 tq.
818 2842 879 2912 l'll.)
913 2844 1017 2899 interiit
1047 2861 1103 2917 pra.
1132 2862 1264 2905 manure.
1299 2843 1343 2898 alii
1370 2844 1485 2900 uroleste
1514 2855 1677 2919 torquentur

384 2926 471 2986 tuum
493 2925 667 2981 Sebastianus
691 2927 815 2982 lfrantius
832 2927 1055 2998 argentinensis,
1083 2928 1222 2983 flottradus
1244 2930 1390 3001 Peutinger
1413 2931 1606 3001 lttpmtensis.
1636 2931 1676 2984 lli·

349 3009 501 3064 aalilralalus
528 3010 710 3065 Pialaitnerus
734 3011 963 3082 Nerolrergensis.
992 3012 1094 3067 Ntrlrilis
1117 3013 1240 3068 tttrtctuu
1263 3014 1409 3073 flatu-uus.
1438 3033 1588 3084 generosus
1612 3016 1677 3070 ller-

384 3112 496 3149 mannus
518 3096 613 3149 flames
635 3095 785 3150 ll'tumarius
812 3105 839 3151 et
867 3096 964 3168 reliqui
994 3098 1096 3169 pariter
1124 3115 1218 3151 ‹rrrrues
1249 3098 1363 3151 istorum
1395 3098 1622 3168 tlteolngistarum
1649 3108 1675 3155 et

385 3178 592 3234 fraterculorum
611 3179 811 3235 ‹lanuinicalium
833 3199 893 3236 eum
918 3180 974 3233 suis
998 3180 1176 3253 terrruplicilius
1200 3181 1348 3234 neuissiuue.
1378 3183 1539 3237 temeritatis
1561 3184 1674 3238 ludibria

342 3320 344 3326 ,
384 3264 488 3334 experti
510 3262 633 3324 lacerati,
665 3263 787 3338 lapidati.
817 3265 898 3324 secti,
929 3264 1040 3322 tentati.
1061 3264 1222 3334 angustiati,
1246 3265 1351 3322 afflicti.
1382 3266 1480 3336 quilms
1502 3268 1600 3337 aliquus
1620 3286 1674 3322 non

385 3355 425 3400 est
449 3349 572 3402 turranius.
617 3357 645 3403 et
670 3367 723 3420 oper
750 3349 856 3403 tatulem
882 3350 1016 3421 tlapuion,
1048 3347 1188 3403 vertraeula
1214 3350 1407 3404 tlerrmumrum
1430 3350 1521 3422 lingua
1544 3349 1732 3406 lleuelrlinl·⁷·

349 3433 608 3500 oorargnmuiuatus,
632 3442 759 3506 tauquam
779 3432 946 3505 reipublicae
969 3432 1097 3487 literaria·
1121 3440 1306 3505 protomartyr
1328 3452 1378 3504 pru
1403 3434 1479 3488 liluis
1500 3445 1527 3489 et
1551 3436 1675 3490 irrituiluts

384 3516 515 3571 filtrorum
535 3518 701 3572 miratoribus
721 3517 841 3577 delibor,
870 3518 971 3590 quique
992 3518 1072 3591 cttlpa
1097 3535 1173 3576 vareo.
1203 3517 1268 3573 falsa
1297 3515 1479 3590 inculpatioue
1506 3521 1676 3592 proseimlor,

386 3618 464 3672 qumu
488 3602 582 3655 lmstes
603 3603 648 3655 isti
671 3603 778 3657 caeteris
801 3602 971 3656 huuuliurem
994 3603 1093 3656 fortius
1113 3610 1193 3675 atquc
1217 3603 1293 3675 prius
1321 3603 1444 3673 aggressi
1472 3611 1549 3665 strat,
1583 3612 1610 3658 ut
1635 3622 1676 3658 tue

386 3694 526 3757 superata.
557 3686 628 3757 quael
658 3696 699 3741 tut
722 3686 843 3741 factiosis
865 3687 1005 3741 ritlelratur
1027 3686 1168 3759 perfacile,
1197 3687 1324 3758 deinceps
1351 3704 1444 3759 puram
1476 3687 1546 3743 illam
1575 3697 1601 3743 et
1625 3690 1676 3743 llo·

384 3787 488 3824 ntsrmuu
513 3768 646 3838 linguam,
676 3789 755 3843 quam
775 3771 801 3825 lai
824 3770 931 3825 barbari
954 3772 1100 3826 saeuissitne
1123 3771 1185 3825 ollio
1209 3771 1321 3828 lutfreut.
1348 3778 1377 3825 et
1396 3771 1516 3826 cultores
1539 3774 1596 3828 eius
1620 3790 1673 3827 non

350 3862 490 3909 astantum
520 3856 703 3928 supprimere,
737 3856 910 3911 verumetiam
938 3856 1097 3926 extinguere
1126 3854 1253 3911 ualerent.
1291 3855 1377 3920 Quare
1406 3856 1548 3911 institutus
1573 3867 1613 3912 est
1643 3857 1731 3913 ante.

384 3938 437 3992 illis
459 3940 484 3992 in
509 3956 550 3993 nm
574 3941 693 3994 tirttnium
717 3941 833 4013 primum
857 3941 956 3996 acriter
981 3941 1122 3996 inreftetuli
1150 3941 1258 4000 tritulus.
1287 3940 1382 3995 ‹leimle
1409 3942 1549 4013 inquisitio
1575 3943 1677 3998 famosa

385 4031 410 4076 et
426 4022 565 4077 horribilis
581 4033 658 4078 antea
683 4024 749 4079 nulli
774 4024 967 4079 iurisconsulto
990 4024 1029 4078 rel
1055 4025 1144 4096 legum
1160 4025 1249 4098 perito
1272 4025 1411 4097 itnpusita,
1435 4026 1560 4081 nimirum
1582 4037 1678 4083 contra

384 4107 472 4162 «lirina
494 4118 521 4162 et
544 4107 658 4164 liutnaua
681 4110 753 4171 iura.
775 4110 847 4183 quotl
870 4119 922 4164 tum
946 4110 1020 4183 {tar-m
1037 4109 1195 4165 (lefsittuliui
1216 4108 1287 4166 clare
1308 4110 1425 4183 patebit,
1447 4112 1468 4165 si
1491 4112 1677 4168 defensionem

385 4274 587 4284 —-.-——

454 4371 626 4436 ¹·²preft.f.
671 4372 851 4424 ·⁴rltetorum
873 4378 896 4423 t.
954 4358 1537 4427 ⁵ttamer.tt.xt.tt.'›5...ot.xt't.‘tt'...‘i7.
1594 4379 1676 4441 ⁹'l'y-

386 4458 501 4506 intest.
557 4457 574 4489 ¹¹
595 4459 691 4523 piatio
711 4462 736 4507 2.
800 4457 819 4489 ¹⁸
839 4475 921 4522 preco
942 4462 966 4507 1.
1021 4460 1128 4508 istae.
1191 4458 1212 4490 ¹⁵
1231 4462 1317 4519 fectu,
1333 4462 1352 4509 f.
1367 4463 1417 4511 inf.
1434 4465 1616 4511 l.=omisso
1636 4478 1676 4511 es·

384 4548 447 4590 seut
517 4541 704 4594 ¹⁶aecmend.
725 4547 748 4592 f.
767 4561 816 4607 pru
841 4560 892 4594 uoe
972 4541 992 4573 ¹⁷
1012 4544 1167 4595 inimicitiae
1187 4548 1212 4592 2.
1283 4543 1302 4575 ¹⁸
1325 4544 1440 4611 Phrygi
1465 4547 1677 4609 praedicatorum

385 4625 404 4656 ¹⁹
424 4625 553 4689 calumum]
572 4627 643 4676 ltulit
661 4629 752 4677 rerlris
767 4633 775 4673 t
782 4631 870 4677 atnam
889 4633 916 4674 et
934 4630 1057 4675 eatumm'n
1107 4627 1126 4659 ²¹
1147 4630 1221 4678 Petr.
1241 4630 1309 4677 flav.
1330 4645 1346 4677 a
1365 4630 1607 4693 prmdiontorilrus,
1629 4631 1677 4678 im·

384 4712 478 4774 primis
497 4711 666 4759 llochstroto
690 4712 806 4761 (totunm
830 4711 958 4776 expulsus
982 4727 1007 4760 e.
1030 4710 1103 4762 1507.
1123 4714 1194 4762 vixit
1213 4712 1302 4762 adhue
1322 4727 1347 4760 a.
1370 4712 1456 4773 tall„
1482 4715 1590 4779 quarulo
1609 4730 1678 4763 tuor·

384 4802 446 4843 tuam
464 4797 502 4843 sit
519 4811 572 4843 aion
593 4800 715 4852 constet,
735 4793 1149 4858 utstqnoda.1518.m0rmum
1169 4797 1256 4846 fuisse
1274 4796 1319 4846 vel
1339 4813 1372 4845 ex
1390 4797 1441 4846 hoc
1455 4798 1515 4862 ipso
1534 4797 1594 4848 loeo
1614 4814 1676 4848 con·

383 4887 453 4938 stat3
472 4879 520 4927 secl
539 4879 572 4927 ‹le
586 4879 733 4929 Rettchlini
746 4880 839 4929 verbis
858 4884 919 4944 ‘prae
938 4883 1060 4928 maerore·
1079 4880 1272 4930 ‹luibitanerim
1319 4877 1342 4911 ²²
1359 4878 1485 4946 naehta]
1499 4882 1677 4931 lloelmtrato.

384 4963 511 5012 euldaice
533 4967 556 5012 1.
610 4961 890 5027 ²³1.tteg.vll.a.t.
943 4980 1058 5014 mmrorc
1079 4968 1103 5014 2.
1158 4963 1180 4994 ³⁷
1199 4962 1316 5029 imposta
1337 4967 1360 5013 l.
1413 4963 1435 4995 ³¹¹
1469 4964 1678 5030 thtnfiejeott·

383 5049 424 5100 ttio
442 5047 560 5111 litutltlitt
577 5046 581 5109 Ι
597 5062 770 5097 rtroacrruom
795 5063 838 5097 ιι.
857 5063 995 5097 oocrorus
1011 5046 1015 5111 Ι
1032 5064 1141 5099 conans
1165 5046 1405 5114 eanvuuraroltuce
1430 5064 1496 5099 suos
1516 5048 1677 5117 ‹inuoluunt-

383 5148 430 5182 ses
447 5131 451 5194 Ι
467 5133 512 5193 (In
526 5132 605 5197 fiam)
624 5133 758 5198 Tnlringae
777 5131 849 5197 apud
861 5132 994 5182 Thomam
1006 5132 1202 5196 Ansholmuml
1222 5130 1385 5185 Badenfem.
1404 5133 1676 5203 Anno.M.D.X111.l
