4067 6209
445 742 516 814 132
552 756 679 808 XLVIII.
698 756 792 807 XLIX.
812 771 940 807 cocum
953 771 990 831 an
1003 770 1207 806 rvacuusrusa.
1221 771 1282 805 err.
1296 772 1321 806 n.
1336 766 1356 805 7.
1371 762 1399 805 et
1410 766 1444 806 25.
1459 771 1543 806 usar.
1558 765 1616 826 rura.

442 949 489 987 cer
502 973 608 986 ......
628 930 691 985 Erat
712 947 801 1003 nuper
823 929 850 983 in
873 929 955 983 aruris
977 936 1036 984 tota
1058 936 1152 983 nostra
1175 929 1249 984 natio
1271 939 1367 986 contra
1396 938 1480 987 totam
1508 932 1645 987 nationem
1669 930 1737 985 Lan·

444 1016 641 1089 gobardorum;
663 1014 781 1086 cogebar
803 1022 831 1068 et
853 1031 905 1086 ego
928 1031 1003 1070 meos
1025 1014 1094 1069 aluos
1116 1014 1239 1069 seniores
1260 1015 1287 1069 in
1303 1033 1377 1072 arma
1392 1024 1473 1090 atque
1489 1018 1556 1073 adeo
1574 1017 1600 1071 iu
1615 1014 1737 1089 pericula

443 1102 566 1163 mittere;
589 1099 778 1156 discurrebant
800 1116 849 1172 per
871 1098 975 1172 plateas
997 1100 1104 1154 seroces
1126 1106 1154 1154 et
1174 1099 1325 1163 furibundi,
1349 1102 1416 1156 certi
1438 1102 1531 1156 hostes
1547 1102 1646 1157 dedere
1661 1102 1735 1161 neci:

442 1186 617 1242 incursabant
640 1192 667 1239 et
689 1185 801 1239 domus:
824 1200 869 1238 res
891 1183 1024 1256 agebatur
1046 1184 1278 1258 omniarmorum
1309 1203 1423 1258 genere,
1453 1187 1534 1241 etiam
1563 1185 1734 1244 bombardis:

406 1267 410 1274 ’
443 1270 616 1346 Longobardi
639 1270 706 1324 loris
728 1286 784 1324 uon
806 1268 979 1330 videbantur,
1002 1276 1030 1323 at
1052 1270 1126 1324 iutus
1149 1268 1258 1342 plurimi
1280 1271 1533 1344 congregabantur,
1561 1280 1589 1325 et
1612 1271 1666 1325 nisi
1685 1287 1758 1342 gns

443 1355 574 1412 bernator
596 1371 656 1410 sese
679 1353 920 1414 intermiscuisset,
949 1354 981 1408 ad
1008 1370 1104 1408 manus
1131 1354 1227 1426 utique
1256 1363 1283 1408 et
1310 1356 1342 1411 ad
1365 1356 1463 1419 caevlem
1485 1349 1629 1412 deventum
1652 1362 1735 1410 esset.

443 1458 536 1514 pacem
559 1441 650 1512 itaque
672 1446 736 1512 post
759 1438 831 1493 bichri
848 1439 969 1495 furorem
984 1438 1154 1511 gubernator
1169 1438 1273 1493 indixit.
1310 1458 1389 1495 nemo
1406 1441 1566 1497 interiectus
1582 1449 1632 1501 est,
1655 1440 1736 1513 pauci

443 1526 489 1598 qui
513 1542 577 1580 casu
599 1524 763 1586 inciderant,
786 1522 929 1579 vulnerati.
974 1523 1125 1578 ollerebaut
1141 1540 1170 1578 se
1186 1524 1213 1578 in
1228 1524 1355 1580 auxilium
1371 1524 1450 1580 uobis
1467 1526 1577 1586 Thumi,
1600 1526 1734 1585 Picentes,

444 1609 569 1683 Hispani,
593 1609 709 1682 ngari,
731 1608 841 1669 Ioloni.
865 1615 895 1663 ut
918 1608 1057 1664 scholares
1078 1617 1174 1685 centra
1194 1609 1333 1665 scholares
1349 1594 1390 1665 vel
1405 1611 1432 1664 iu
1448 1611 1533 1665 media
1550 1610 1617 1666 urbe
1634 1609 1735 1664 bellum

443 1703 586 1767 gererent,
615 1693 661 1749 sed
685 1693 711 1748 in
734 1702 858 1768 tempore
880 1700 922 1747 est
945 1710 989 1748 res
1017 1693 1117 1748 sedata.
1162 1701 1205 1748 cst
1232 1692 1301 1750 bona
1325 1712 1396 1750 nunc
1420 1695 1491 1751 iuter
1513 1694 1651 1751 scholares
1674 1711 1772 1767 panio

443 1779 511 1835 loris
533 1778 635 1835 bellum
657 1786 685 1833 et
709 1778 849 1834 tumultus.
887 1778 980 1852 ltaque
1002 1794 1058 1833 rron
1081 1778 1151 1833 imus
1173 1795 1257 1842 rmnc,
1287 1788 1318 1835 ut
1340 1797 1570 1854 proposueramus
1593 1782 1669 1835 iussu
1693 1797 1737 1834 ve·

444 1872 516 1926 stro.
546 1865 671 1920 Ilomam:
704 1863 794 1919 multae
823 1869 887 1918 suut
915 1881 1016 1925 causae,
1047 1862 1161 1924 bellum,
1191 1863 1256 1926 iter,
1286 1865 1385 1926 victus,
1421 1865 1575 1926 latrocinia,
1610 1870 1736 1937 sumplus

444 1965 576 2022 equorum
600 1957 627 2004 ct
649 1948 812 2023 hospitium,
837 1948 909 2022 quod
930 1948 1051 2004 discessu
1076 1957 1172 2003 nostro
1187 1949 1413 2021 perdidissemus:
1438 1950 1534 2005 melius
1551 1950 1635 2022 igitur
1650 1949 1736 2003 visum

443 2042 486 2106 e&
508 2034 587 2089 nohis
611 2041 675 2088 tunc
697 2034 784 2088 visere
801 2033 909 2088 Romam
933 2042 960 2087 et
975 2032 1129 2106 Neapolim,
1153 2034 1260 2105 quande
1276 2034 1318 2089 vel
1334 2052 1428 2091 onmes
1444 2035 1484 2089 vel
1501 2035 1593 2108 plures
1609 2043 1735 2090 uestrum

443 2136 601 2174 revocamur
622 2119 744 2178 domum,
769 2126 799 2173 ut
821 2118 899 2190 equis
921 2118 1025 2173 nostris
1049 2118 1224 2180 insideamus,
1258 2137 1311 2174 riou
1335 2119 1431 2175 alienis
1459 2137 1558 2192 niagno
1587 2137 1641 2174 aere
1670 2132 1770 2174 coll-lt

443 2204 531 2259 ductis
549 2246 815 2258 ............
832 2202 868 2257 Ex
891 2202 1019 2257 Ilouonia.
1043 2203 1238 2258 Nouis·blartii
1261 2207 1338 2259 Auno
1365 2211 1438 2265 1517.
1571 2269 1575 2275 ⁵

528 2288 575 2343 Est
598 2289 705 2362 quidam
728 2290 879 2343 h'auonicus
908 2287 1049 2343 nobiscum
1072 2286 1288 2361 Herhipoleusis,
1320 2289 1492 2345 Friderichus
1514 2289 1637 2348 Fischer,
1671 2305 1736 2343 con·

443 2374 593 2429 tubernalis
616 2374 642 2427 b.
666 2373 791 2436 llutteui;
815 2374 837 2427 is
859 2371 924 2427 velit
947 2372 1092 2444 aliquando
1115 2373 1147 2427 ad
1170 2381 1197 2428 te
1221 2373 1340 2429 scrihere
1362 2375 1486 2430 amicitiae
1502 2382 1590 2429 tecum
1613 2374 1736 2428 ineundae

443 2460 545 2532 gratian
569 2459 674 2514 mouuit
696 2476 752 2520 mc,
775 2465 805 2513 ut
828 2458 859 2512 ad
883 2465 910 2512 te
933 2458 1009 2529 prius
1033 2458 1180 2513 scriberem
1204 2451 1473 2533 benevolentiamque
1502 2468 1647 2532 captarem.
1693 2464 1736 2512 est

443 2543 593 2599 virbonus
617 2543 766 2616 optimique
797 2542 914 2615 iugenii;
948 2541 1043 2596 scribit
1071 2543 1103 2597 ad
1131 2561 1173 2598 me
1202 2561 1286 2616 saepe:
1321 2551 1352 2599 ut
1380 2553 1469 2600 autem
1497 2544 1587 2598 videas
1616 2541 1655 2597 vel
1686 2553 1771 2615 perth

445 2636 617 2683 transennam
641 2627 728 2701 qualis
751 2628 798 2687 sit,
823 2626 918 2682 breves
940 2627 999 2681 eius
1023 2626 1054 2681 ad
1077 2645 1119 2682 me
1144 2629 1259 2701 imposui
1283 2630 1345 2685 huie
1374 2628 1499 2703 epistole
1526 2646 1592 2684 nreae
1620 2626 1736 2687 litteras,

444 2713 543 2786 quibus
565 2713 598 2767 de
622 2713 701 2767 tertia
723 2730 782 2767 mea
806 2712 831 2766 iu
855 2711 1017 2767 Thraeulum
1040 2712 1177 2785 querelam
1201 2713 1338 2786 loquitur,
1368 2713 1412 2769 ubi
1436 2714 1535 2770 Neroni
1563 2720 1736 2785 comparatus

411 2845 421 2861 ,
444 2805 486 2852 est
503 2798 610 2859 ¹Thrar.
634 2796 766 2871 peiorquc
790 2795 875 2853 multo
899 2804 1049 2870 reputatus

461 3082 601 3116 sosoma.
782 3096 789 3106 ·
949 3048 1230 3122 XXXXVIIH.
1500 3075 1534 3114 av.
1546 3081 1629 3114 urar.
1643 3074 1702 3113 rara,

924 3184 1014 3264 [luuh
1038 3190 1079 3244 Ab
1101 3184 1256 3265 Erubuit]

529 3293 554 3347 S.
579 3291 681 3365 Scripsi
704 3290 736 3345 ad
760 3298 786 3345 te
809 3308 897 3364 nuper
919 3290 1035 3363 plurima
1057 3292 1127 3364 apud
1151 3292 1352 3363 Sigisruumlum
1376 3290 1573 3352 llolzsehuher.
1602 3290 1738 3346 colendis·

444 3380 510 3435 sime
534 3378 570 3433 mi
593 3378 619 3431 b.
643 3375 787 3438 Bilibalde;
811 3376 945 3449 praecipua
968 3385 1057 3431 tamen
1081 3386 1139 3431 emt
1161 3394 1224 3431 eura
1247 3377 1280 3430 de
1303 3376 1450 3431 libelload
1474 3386 1500 3431 te
1523 3377 1601 3437 dato,
1630 3376 1656 3430 iu
1681 3393 1773 3449 quoes

443 3472 539 3520 contra
561 3462 738 3519 Iustinianum
760 3461 856 3534 scripsi
881 3462 907 3515 iu
929 3461 971 3515 his
995 3479 1055 3534 quae
1075 3461 1235 3533 religionem
1253 3462 1399 3534 tangebant
1416 3503 1633 3515 ..........
1656 3460 1738 3516 huius

444 3548 563 3623 epistolii
587 3548 659 3603 lator
681 3546 748 3602 iuris
771 3554 813 3601 est
836 3546 978 3619 utriusque
1001 3547 1106 3607 doctor,
1130 3563 1185 3601 riou
1209 3548 1297 3601 rvriiaus
1314 3547 1421 3619 integer
1436 3564 1517 3619 quam
1531 3547 1629 3601 doctus
1645 3554 1673 3600 et
1689 3546 1739 3601 hu·

443 3651 551 3695 uranus,
575 3632 753 3688 avuicissimus
776 3649 884 3705 semper
906 3648 961 3686 uon
984 3632 1064 3686 modo
1087 3631 1166 3692 mihi,
1191 3632 1237 3687 sed
1260 3640 1287 3686 et
1311 3632 1456 3704 nepotibus
1474 3632 1542 3693 tuis,
1567 3632 1674 3703 totique
1690 3648 1739 3686 uo·

444 3727 508 3775 strae
530 3720 574 3775 hic
595 3718 699 3774 nationi
721 3716 909 3778 charissimus,
934 3716 960 3770 u.
984 3715 1142 3772 Valentinus
1164 3717 1344 3779 l‘orucranus.
1372 3717 1441 3791 apud
1464 3717 1558 3772 ducem
1582 3733 1660 3771 suurn
1683 3733 1738 3772 noa

443 3805 555 3861 modicae
578 3803 761 3860 authoritatis
798 3803 873 3876 eupit
895 3819 976 3856 nosse
1001 3811 1027 3856 tc
1050 3811 1178 3874 tuamque
1201 3802 1251 3857 sibi
1274 3801 1419 3858 conciliare
1442 3802 1592 3857 amicitiam.
1630 3801 1672 3855 vir
1695 3810 1737 3856 est
1746 3812 1772 3855 ao

444 3891 578 3962 optImus,
601 3890 643 3944 cui
668 3897 694 3944 te
718 3886 825 3942 rrrallem
848 3905 908 3942 esse
931 3886 1044 3941 amicum
1069 3905 1148 3960 quam
1170 3886 1309 3962 prioribus
1333 3887 1386 3942 illis
1402 3886 1566 3947 Saxonibus,
1589 3887 1679 3941 miuus
1703 3903 1737 3941 eo

443 3973 531 4029 doctis
554 3974 698 4045 minusque
720 3972 785 4027 mihi
809 3973 918 4046 tuisque
939 3971 1062 4027 dile‘ctis:
1094 3972 1161 4026 nihil
1191 3981 1280 4028 tamen
1309 3972 1379 4047 petit
1406 3989 1486 4046 quam
1518 3980 1544 4027 te
1566 3988 1649 4028 nosse
1673 3972 1738 4027 ami·

443 4059 568 4131 citiusque
592 4074 620 4113 se
644 4058 780 4112 insinuare
802 4065 864 4111 tuae.
910 4056 1045 4111 lluttenus
1067 4057 1135 4112 divit
1157 4075 1186 4112 se
1209 4058 1241 4112 ad
1265 4066 1292 4113 te
1314 4075 1385 4113 nuric
1407 4058 1582 4131 scripturum.
1626 4073 1738 4129 compo·

444 4144 498 4198 suit
522 4142 660 4198 orationes
689 4141 834 4197 acerrirnas
863 4158 992 4213 moreque
1021 4143 1103 4197 veteri
1133 4144 1314 4198 accusatorias
1342 4143 1369 4197 iu
1395 4142 1488 4197 ducem
1513 4141 1594 4222 ⁸illum
1617 4140 1738 4195 Wirten·

443 4227 613 4300 bergensem.
652 4227 721 4282 llrue
743 4225 801 4281 vale
823 4235 904 4297 atque
926 4226 960 4280 dc
982 4226 1102 4299 querelis
1124 4228 1191 4282 ineis
1214 4228 1314 4301 aliquid
1337 4228 1401 4283 mihi
1423 4227 1464 4283 vel
1487 4228 1580 4302 paucis
1607 4226 1771 4281 rescribeaa

446 4312 482 4368 Ex
504 4312 639 4374 Bononia,
662 4319 705 4371 25.
728 4311 771 4367 die
793 4310 896 4373 Martii,
919 4313 997 4366 Anno
1020 4311 1122 4367 domini
1146 4318 1222 4391 3517.

680 4493 872 4544 XXXXVIIII.
891 4494 1048 4543 Heumann.
1069 4493 1138 4556 (Iud.
1154 4494 1220 4544 bibl.
1234 4494 1333 4557 neto.)
1352 4512 1379 4560 p.
1399 4493 1501 4544 17...1a.

511 4633 522 4666 ¹
546 4630 679 4697 seniores]
703 4637 803 4698 sipaort
817 4632 927 4682 Italico.
943 4632 980 4681 cl.
995 4631 1030 4681 ud
1043 4647 1083 4696 sq.
1097 4647 1122 4681 v.
1137 4630 1178 4680 28.
1250 4630 1270 4663 ¹⁹
1288 4629 1464 4696 Thraculum]
1485 4631 1685 4692 Iustinianum,
1710 4630 1739 4677 in

445 4722 523 4771 cuius
546 4719 631 4769 libros
649 4716 794 4767 Cochlaeus
819 4717 1030 4768 commentarios
1052 4720 1110 4767 tam
1133 4717 1264 4767 verbosos
1283 4733 1365 4782 quum
1384 4716 1496 4767 inutiles
1515 4703 1738 4780 errog'antioeque

444 4805 541 4870 plenos
560 4804 682 4853 scribere
701 4808 759 4853 tum
778 4812 910 4868 creperet.

511 4888 534 4921 ¹³
551 4885 708 4954 nepotibus]
728 4889 829 4938 sororis
848 4888 924 4948 filiis,
946 4876 1089 4938 Genderis.
1171 4886 1192 4919 ²⁹
1210 4885 1386 4953 Valentinus]
1406 4886 1591 4946 Stoieutinus,
1621 4886 1739 4936 Hutteni

435 4955 565 5041 amicus,
592 4974 627 5022 ed
651 4989 730 5037 quem
755 4973 860 5037 scripte
885 4979 928 5023 est
946 4972 1127 5035 Querelarum
1146 4972 1167 5020 1.
1188 4970 1317 5036 elegiae.
1404 4970 1427 5002 ³⁵
1450 4968 1579 5036 querelis]
1609 4972 1741 5023 adversus

443 5059 637 5108 InstinIenum.
658 5058 694 5107 cs.
708 5073 791 5123 supra
811 5059 884 5108 adv.
900 5056 940 5106 19.
