<?xml version="1.0" encoding="UTF-8"?>
<!DOCTYPE html PUBLIC "-//W3C//DTD XHTML 1.0 Transitional//EN"
    "http://www.w3.org/TR/xhtml1/DTD/xhtml1-transitional.dtd">
<html xmlns="http://www.w3.org/1999/xhtml" xml:lang="en" lang="en">
 <head>
  <title>
</title>
<meta http-equiv="Content-Type" content="text/html;charset=utf-8" />
  <meta name='ocr-system' content='tesseract 3.04.00' />
  <meta name='ocr-capabilities' content='ocr_page ocr_carea ocr_par ocr_line ocrx_word'/>
</head>
<body>
  <div class='ocr_page' id='page_1' title='image "./ulrichihuttenie03huttgoog_0450.png"; bbox 0 0 4067 6209; ppageno 0'>
   <div class='ocr_carea' id='block_1_1' title="bbox 442 714 1755 815">
    <p class='ocr_par' dir='ltr' id='par_1_1' title="bbox 442 714 1755 815">
     <span class='ocr_line' id='line_1_1' title="bbox 583 714 589 736; baseline 0 0"><span class='ocrx_word' id='word_1_1' title='bbox 583 714 589 736; x_wconf 90' lang='grc' dir='ltr'><em>Ι</em></span> 
     </span>
     <span class='ocr_line' id='line_1_2' title="bbox 442 739 1755 815; baseline -0.003 -3"><span class='ocrx_word' id='word_1_2' title='bbox 442 739 515 815; x_wconf 78' lang='grc'><strong>316</strong></span> <span class='ocrx_word' id='word_1_3' title='bbox 536 756 822 809; x_wconf 80' lang='lat' dir='ltr'><strong>CXLV.car1rou.in</strong></span> <span class='ocrx_word' id='word_1_4' title='bbox 832 768 964 805; x_wconf 73' lang='lat' dir='ltr'><strong>urrann.</strong></span> <span class='ocrx_word' id='word_1_5' title='bbox 979 753 1099 806; x_wconf 84' lang='lat' dir='ltr'><strong>CXLVI.</strong></span> <span class='ocrx_word' id='word_1_6' title='bbox 1107 769 1190 805; x_wconf 72' lang='lat' dir='ltr'><strong>sarar</strong></span> <span class='ocrx_word' id='word_1_7' title='bbox 1201 769 1263 806; x_wconf 80' lang='lat' dir='ltr'><strong>uos.</strong></span> <span class='ocrx_word' id='word_1_8' title='bbox 1272 769 1309 807; x_wconf 81' lang='lat' dir='ltr'><strong>an</strong></span> <span class='ocrx_word' id='word_1_9' title='bbox 1319 769 1476 806; x_wconf 81' lang='lat' dir='ltr'><strong>rvr..rrr.va</strong></span> <span class='ocrx_word' id='word_1_10' title='bbox 1485 770 1570 808; x_wconf 71' lang='lat' dir='ltr'><strong>san.</strong></span> <span class='ocrx_word' id='word_1_11' title='bbox 1580 763 1755 808; x_wconf 69' lang='lat' dir='ltr'><strong>tannatata.</strong></span> 
     </span>
    </p>
   </div>
   <div class='ocr_carea' id='block_1_2' title="bbox 428 925 1754 1249">
    <p class='ocr_par' dir='ltr' id='par_1_2' title="bbox 428 925 1754 1249">
     <span class='ocr_line' id='line_1_3' title="bbox 441 925 1754 997; baseline -0.002 -18"><span class='ocrx_word' id='word_1_12' title='bbox 441 933 523 979; x_wconf 86' lang='lat' dir='ltr'><strong>nator</strong></span> <span class='ocrx_word' id='word_1_13' title='bbox 541 932 570 978; x_wconf 86' lang='lat' dir='ltr'><strong>et</strong></span> <span class='ocrx_word' id='word_1_14' title='bbox 588 926 783 987; x_wconf 67' lang='lat' dir='ltr'><strong>consiliarius,</strong></span> <span class='ocrx_word' id='word_1_15' title='bbox 804 927 863 976; x_wconf 85' lang='lat' dir='ltr'><strong>sive</strong></span> <span class='ocrx_word' id='word_1_16' title='bbox 882 926 956 976; x_wconf 86' lang='lat' dir='ltr'><strong>intra</strong></span> <span class='ocrx_word' id='word_1_17' title='bbox 976 925 1118 978; x_wconf 81' lang='lat' dir='ltr'><strong>cancellos</strong></span> <span class='ocrx_word' id='word_1_18' title='bbox 1136 925 1363 997; x_wconf 78' lang='lat' dir='ltr'><strong>consiliariorum</strong></span> <span class='ocrx_word' id='word_1_19' title='bbox 1376 929 1482 992; x_wconf 87' lang='lat' dir='ltr'><strong>primas</strong></span> <span class='ocrx_word' id='word_1_20' title='bbox 1497 932 1614 978; x_wconf 72' lang='lat' dir='ltr'><strong>tenens</strong></span> <span class='ocrx_word' id='word_1_21' title='bbox 1639 927 1754 978; x_wconf 84' lang='lat' dir='ltr'><strong>cancel-</strong></span> 
     </span>
     <span class='ocr_line' id='line_1_4' title="bbox 428 996 1754 1079; baseline 0 -16"><span class='ocrx_word' id='word_1_22' title='bbox 428 1002 528 1063; x_wconf 67' lang='lat' dir='ltr'><strong>‘larius</strong></span> <span class='ocrx_word' id='word_1_23' title='bbox 547 1018 589 1062; x_wconf 88' lang='lat' dir='ltr'><strong>est</strong></span> <span class='ocrx_word' id='word_1_24' title='bbox 607 996 774 1062; x_wconf 80' lang='lat' dir='ltr'><strong>ileclaratus.</strong></span> <span class='ocrx_word' id='word_1_25' title='bbox 812 1012 940 1077; x_wconf 79' lang='lat' dir='ltr'><strong>Suscepit</strong></span> <span class='ocrx_word' id='word_1_26' title='bbox 964 1028 1026 1062; x_wconf 90' lang='lat' dir='ltr'><strong>eam</strong></span> <span class='ocrx_word' id='word_1_27' title='bbox 1049 1012 1239 1063; x_wconf 85' lang='lat' dir='ltr'><strong>condicionem</strong></span> <span class='ocrx_word' id='word_1_28' title='bbox 1266 1013 1400 1063; x_wconf 85' lang='lat' dir='ltr'><strong>libentius</strong></span> <span class='ocrx_word' id='word_1_29' title='bbox 1426 1014 1503 1070; x_wconf 78' lang='lat' dir='ltr'><strong>ideo,</strong></span> <span class='ocrx_word' id='word_1_30' title='bbox 1536 1020 1571 1062; x_wconf 88' lang='lat' dir='ltr'><strong>ut</strong></span> <span class='ocrx_word' id='word_1_31' title='bbox 1594 1015 1754 1079; x_wconf 79' lang='lat' dir='ltr'><strong>Moguntiae</strong></span> 
     </span>
     <span class='ocr_line' id='line_1_5' title="bbox 442 1097 1753 1164; baseline 0 -16"><span class='ocrx_word' id='word_1_32' title='bbox 442 1114 548 1164; x_wconf 87' lang='lat' dir='ltr'><strong>quoque</strong></span> <span class='ocrx_word' id='word_1_33' title='bbox 572 1097 812 1149; x_wconf 81' lang='lat' dir='ltr'><strong>Christianismum</strong></span> <span class='ocrx_word' id='word_1_34' title='bbox 836 1097 986 1163; x_wconf 81' lang='lat' dir='ltr'><strong>plantaret.</strong></span> <span class='ocrx_word' id='word_1_35' title='bbox 1035 1097 1082 1148; x_wconf 83' lang='lat' dir='ltr'><strong>Sic</strong></span> <span class='ocrx_word' id='word_1_36' title='bbox 1106 1100 1180 1148; x_wconf 90' lang='lat' dir='ltr'><strong>enim</strong></span> <span class='ocrx_word' id='word_1_37' title='bbox 1207 1099 1267 1164; x_wconf 84' lang='lat' dir='ltr'><strong>ipsc</strong></span> <span class='ocrx_word' id='word_1_38' title='bbox 1291 1098 1411 1164; x_wconf 87' lang='lat' dir='ltr'><strong>epistola</strong></span> <span class='ocrx_word' id='word_1_39' title='bbox 1435 1098 1471 1148; x_wconf 87' lang='lat' dir='ltr'><strong>ad</strong></span> <span class='ocrx_word' id='word_1_40' title='bbox 1494 1099 1660 1148; x_wconf 85' lang='lat' dir='ltr'><strong>Huttennm</strong></span> <span class='ocrx_word' id='word_1_41' title='bbox 1687 1100 1753 1149; x_wconf 87' lang='lat' dir='ltr'><strong>anni</strong></span> 
     </span>
     <span class='ocr_line' id='line_1_6' title="bbox 441 1182 876 1249; baseline -0.005 -16"><span class='ocrx_word' id='word_1_42' title='bbox 441 1184 591 1249; x_wconf 86' lang='lat' dir='ltr'><strong>superioris</strong></span> <span class='ocrx_word' id='word_1_43' title='bbox 610 1199 702 1233; x_wconf 90' lang='lat' dir='ltr'><strong>mense</strong></span> <span class='ocrx_word' id='word_1_44' title='bbox 716 1182 876 1232; x_wconf 81' lang='lat' dir='ltr'><strong>Novembri:</strong></span> 
     </span>
    </p>
   </div>
   <div class='ocr_carea' id='block_1_3' title="bbox 441 1268 1772 1549">
    <p class='ocr_par' dir='ltr' id='par_1_3' title="bbox 441 1268 1772 1549">
     <span class='ocr_line' id='line_1_7' title="bbox 526 1268 1772 1346; baseline 0.001 -19"><span class='ocrx_word' id='word_1_45' title='bbox 526 1269 608 1328; x_wconf 84' lang='lat' dir='ltr'><strong>Iuris</strong></span> <span class='ocrx_word' id='word_1_46' title='bbox 626 1269 786 1345; x_wconf 74' lang='lat' dir='ltr'><strong>Pontifieii,</strong></span> <span class='ocrx_word' id='word_1_47' title='bbox 810 1274 842 1327; x_wconf 84' lang='lat' dir='ltr'><strong>ut</strong></span> <span class='ocrx_word' id='word_1_48' title='bbox 860 1274 980 1340; x_wconf 68' lang='lat' dir='ltr'><strong>ticcam,</strong></span> <span class='ocrx_word' id='word_1_49' title='bbox 1003 1268 1195 1328; x_wconf 77' lang='lat' dir='ltr'><strong>Declaratum</strong></span> <span class='ocrx_word' id='word_1_50' title='bbox 1216 1272 1394 1345; x_wconf 82' lang='lat' dir='ltr'><strong>suscipiam:</strong></span> <span class='ocrx_word' id='word_1_51' title='bbox 1419 1277 1551 1346; x_wconf 86' lang='lat' dir='ltr'><strong>propter</strong></span> <span class='ocrx_word' id='word_1_52' title='bbox 1574 1272 1772 1330; x_wconf 73' lang='lat' dir='ltr'><strong>auctorita-⁵</strong></span> 
     </span>
     <span class='ocr_line' id='line_1_8' title="bbox 441 1371 1754 1447; baseline 0.001 -16"><span class='ocrx_word' id='word_1_53' title='bbox 441 1378 497 1431; x_wconf 85' lang='lat' dir='ltr'><strong>tem</strong></span> <span class='ocrx_word' id='word_1_54' title='bbox 518 1373 653 1431; x_wconf 77' lang='lat' dir='ltr'><strong>videlicet</strong></span> <span class='ocrx_word' id='word_1_55' title='bbox 670 1371 925 1445; x_wconf 80' lang='lat' dir='ltr'><strong>comparandam:</strong></span> <span class='ocrx_word' id='word_1_56' title='bbox 945 1386 1066 1444; x_wconf 83' lang='lat' dir='ltr'><strong>scopum</strong></span> <span class='ocrx_word' id='word_1_57' title='bbox 1087 1372 1258 1445; x_wconf 68' lang='lat' dir='ltr'><strong>succussis,</strong></span> <span class='ocrx_word' id='word_1_58' title='bbox 1285 1390 1354 1447; x_wconf 77' lang='lat' dir='ltr'><strong>prce</strong></span> <span class='ocrx_word' id='word_1_59' title='bbox 1378 1374 1485 1432; x_wconf 70' lang='lat' dir='ltr'><strong>ceteras</strong></span> <span class='ocrx_word' id='word_1_60' title='bbox 1509 1375 1617 1432; x_wconf 81' lang='lat' dir='ltr'><strong>multis</strong></span> <span class='ocrx_word' id='word_1_61' title='bbox 1640 1389 1754 1432; x_wconf 82' lang='lat' dir='ltr'><strong>sacro-</strong></span> 
     </span>
     <span class='ocr_line' id='line_1_9' title="bbox 441 1473 1754 1549; baseline 0 -16"><span class='ocrx_word' id='word_1_62' title='bbox 441 1482 586 1533; x_wconf 81' lang='lat' dir='ltr'><strong>sanctam.</strong></span> <span class='ocrx_word' id='word_1_63' title='bbox 624 1473 707 1533; x_wconf 78' lang='lat' dir='ltr'><strong>Licet</strong></span> <span class='ocrx_word' id='word_1_64' title='bbox 727 1474 844 1532; x_wconf 71' lang='lat' dir='ltr'><strong>mterim</strong></span> <span class='ocrx_word' id='word_1_65' title='bbox 864 1474 922 1530; x_wconf 83' lang='lat' dir='ltr'><strong>sint</strong></span> <span class='ocrx_word' id='word_1_66' title='bbox 943 1473 1039 1545; x_wconf 79' lang='lat' dir='ltr'><strong>aliqui</strong></span> <span class='ocrx_word' id='word_1_67' title='bbox 1059 1474 1111 1546; x_wconf 82' lang='lat' dir='ltr'><strong>qui</strong></span> <span class='ocrx_word' id='word_1_68' title='bbox 1132 1475 1199 1533; x_wconf 79' lang='lat' dir='ltr'><strong>citio</strong></span> <span class='ocrx_word' id='word_1_69' title='bbox 1221 1481 1337 1533; x_wconf 81' lang='lat' dir='ltr'><strong>vertunt</strong></span> <span class='ocrx_word' id='word_1_70' title='bbox 1359 1474 1539 1549; x_wconf 72' lang='lat' dir='ltr'><strong>Theolopam</strong></span> <span class='ocrx_word' id='word_1_71' title='bbox 1556 1492 1625 1535; x_wconf 83' lang='lat' dir='ltr'><strong>esse</strong></span> <span class='ocrx_word' id='word_1_72' title='bbox 1645 1483 1677 1535; x_wconf 87' lang='lat' dir='ltr'><strong>et</strong></span> <span class='ocrx_word' id='word_1_73' title='bbox 1692 1492 1754 1533; x_wconf 80' lang='lat' dir='ltr'><strong>aaa</strong></span> 
     </span>
    </p>
   </div>
   <div class='ocr_carea' id='block_1_4' title="bbox 441 1574 1753 1649">
    <p class='ocr_par' dir='ltr' id='par_1_4' title="bbox 441 1574 1753 1649">
     <span class='ocr_line' id='line_1_10' title="bbox 441 1574 1753 1649; baseline -0.002 -14"><span class='ocrx_word' id='word_1_74' title='bbox 441 1579 530 1636; x_wconf 82' lang='lat' dir='ltr'><strong>simul</strong></span> <span class='ocrx_word' id='word_1_75' title='bbox 547 1578 678 1635; x_wconf 78' lang='lat' dir='ltr'><strong>civilem:</strong></span> <span class='ocrx_word' id='word_1_76' title='bbox 700 1576 788 1649; x_wconf 79' lang='lat' dir='ltr'><strong>quasi</strong></span> <span class='ocrx_word' id='word_1_77' title='bbox 813 1574 973 1647; x_wconf 72' lang='lat' dir='ltr'><strong>Tlteoloqas</strong></span> <span class='ocrx_word' id='word_1_78' title='bbox 992 1591 1110 1633; x_wconf 82' lang='lat' dir='ltr'><strong>necesse</strong></span> <span class='ocrx_word' id='word_1_79' title='bbox 1132 1575 1240 1635; x_wconf 82' lang='lat' dir='ltr'><strong>habeat</strong></span> <span class='ocrx_word' id='word_1_80' title='bbox 1256 1593 1368 1636; x_wconf 84' lang='lat' dir='ltr'><strong>exuere</strong></span> <span class='ocrx_word' id='word_1_81' title='bbox 1384 1592 1498 1636; x_wconf 86' lang='lat' dir='ltr'><strong>omnem</strong></span> <span class='ocrx_word' id='word_1_82' title='bbox 1512 1576 1753 1635; x_wconf 75' lang='lat' dir='ltr'><strong>humanitatem.</strong></span> 
     </span>
    </p>
   </div>
   <div class='ocr_carea' id='block_1_5' title="bbox 441 1675 1787 1914">
    <p class='ocr_par' dir='ltr' id='par_1_5' title="bbox 441 1675 1787 1914">
     <span class='ocr_line' id='line_1_11' title="bbox 511 1675 1754 1742; baseline 0 -18"><span class='ocrx_word' id='word_1_83' title='bbox 511 1676 600 1724; x_wconf 86' lang='lat' dir='ltr'><strong>Suasu</strong></span> <span class='ocrx_word' id='word_1_84' title='bbox 624 1691 689 1741; x_wconf 85' lang='lat' dir='ltr'><strong>ergo</strong></span> <span class='ocrx_word' id='word_1_85' title='bbox 707 1675 824 1724; x_wconf 89' lang='lat' dir='ltr'><strong>Huttcni</strong></span> <span class='ocrx_word' id='word_1_86' title='bbox 849 1676 932 1724; x_wconf 85' lang='lat' dir='ltr'><strong>amici</strong></span> <span class='ocrx_word' id='word_1_87' title='bbox 955 1676 1068 1724; x_wconf 85' lang='lat' dir='ltr'><strong>tertium</strong></span> <span class='ocrx_word' id='word_1_88' title='bbox 1086 1677 1217 1725; x_wconf 88' lang='lat' dir='ltr'><strong>Doctoris</strong></span> <span class='ocrx_word' id='word_1_89' title='bbox 1236 1676 1349 1740; x_wconf 79' lang='lat' dir='ltr'><strong>gradum</strong></span> <span class='ocrx_word' id='word_1_90' title='bbox 1372 1677 1510 1742; x_wconf 84' lang='lat' dir='ltr'><strong>prioribus</strong></span> <span class='ocrx_word' id='word_1_91' title='bbox 1536 1676 1690 1736; x_wconf 74' lang='lat' dir='ltr'><strong>adiunxit,</strong></span> <span class='ocrx_word' id='word_1_92' title='bbox 1720 1675 1754 1725; x_wconf 91' lang='lat' dir='ltr'><strong>ob</strong></span> 
     </span>
     <span class='ocr_line' id='line_1_12' title="bbox 444 1759 1787 1825; baseline -0.002 -12"><span class='ocrx_word' id='word_1_93' title='bbox 444 1778 557 1813; x_wconf 85' lang='lat' dir='ltr'><strong>censam</strong></span> <span class='ocrx_word' id='word_1_94' title='bbox 576 1760 740 1822; x_wconf 84' lang='lat' dir='ltr'><strong>indicatam,</strong></span> <span class='ocrx_word' id='word_1_95' title='bbox 760 1766 790 1810; x_wconf 89' lang='lat' dir='ltr'><strong>ut</strong></span> <span class='ocrx_word' id='word_1_96' title='bbox 809 1764 836 1810; x_wconf 87' lang='lat' dir='ltr'><strong>et</strong></span> <span class='ocrx_word' id='word_1_97' title='bbox 849 1760 953 1811; x_wconf 87' lang='lat' dir='ltr'><strong>Christi</strong></span> <span class='ocrx_word' id='word_1_98' title='bbox 971 1774 1085 1825; x_wconf 84' lang='lat' dir='ltr'><strong>rognum</strong></span> <span class='ocrx_word' id='word_1_99' title='bbox 1103 1776 1264 1825; x_wconf 87' lang='lat' dir='ltr'><strong>promovere</strong></span> <span class='ocrx_word' id='word_1_100' title='bbox 1285 1767 1313 1812; x_wconf 90' lang='lat' dir='ltr'><strong>et</strong></span> <span class='ocrx_word' id='word_1_101' title='bbox 1329 1759 1479 1825; x_wconf 84' lang='lat' dir='ltr'><strong>halcyonia</strong></span> <span class='ocrx_word' id='word_1_102' title='bbox 1498 1760 1640 1813; x_wconf 74' lang='lat' dir='ltr'><strong>ecclesiae</strong></span> <span class='ocrx_word' id='word_1_103' title='bbox 1654 1761 1753 1811; x_wconf 80' lang='lat' dir='ltr'><strong>iacere</strong></span> <span class='ocrx_word' id='word_1_104' title='bbox 1765 1765 1787 1804; x_wconf 79' lang='lat' dir='ltr'><strong>tt</strong></span> 
     </span>
     <span class='ocr_line' id='line_1_13' title="bbox 441 1850 562 1914; baseline -0.017 -16"><span class='ocrx_word' id='word_1_105' title='bbox 441 1850 562 1914; x_wconf 86' lang='lat' dir='ltr'><strong>posset.”</strong></span> 
     </span>
    </p>
   </div>
   <div class='ocr_carea' id='block_1_6' title="bbox 967 2237 1734 2329">
    <p class='ocr_par' dir='ltr' id='par_1_6' title="bbox 967 2237 1734 2329">
     <span class='ocr_line' id='line_1_14' title="bbox 967 2237 1734 2329; baseline -0.009 -1"><span class='ocrx_word' id='word_1_106' title='bbox 967 2250 1222 2329; x_wconf 74' lang='lat' dir='ltr'><strong>CXXXXVI.</strong></span> <span class='ocrx_word' id='word_1_107' title='bbox 1546 2279 1568 2320; x_wconf 86' lang='lat' dir='ltr'><strong>c.</strong></span> <span class='ocrx_word' id='word_1_108' title='bbox 1583 2237 1654 2321; x_wconf 52' lang='grc' dir='ltr'><strong>»εξ</strong></span> <span class='ocrx_word' id='word_1_109' title='bbox 1672 2279 1734 2321; x_wconf 76' lang='lat' dir='ltr'><strong>raia.</strong></span> 
     </span>
    </p>
   </div>
   <div class='ocr_carea' id='block_1_7' title="bbox 1523 2340 1752 2353">
    <p class='ocr_par' dir='ltr' id='par_1_7' title="bbox 1523 2340 1752 2353">
     <span class='ocr_line' id='line_1_15' title="bbox 1523 2340 1752 2353; baseline -0.004 0"><span class='ocrx_word' id='word_1_110' title='bbox 1523 2340 1752 2353; x_wconf 78' lang='lat'><em>——-———</em></span> 
     </span>
    </p>
   </div>
   <div class='ocr_carea' id='block_1_8' title="bbox 687 2422 1483 2505">
    <p class='ocr_par' dir='ltr' id='par_1_8' title="bbox 687 2422 1483 2505">
     <span class='ocr_line' id='line_1_16' title="bbox 687 2422 1483 2505; baseline -0.003 -20"><span class='ocrx_word' id='word_1_111' title='bbox 687 2426 815 2486; x_wconf 81' lang='lat' dir='ltr'><strong>asravs</strong></span> <span class='ocrx_word' id='word_1_112' title='bbox 837 2428 1054 2485; x_wconf 77' lang='lat' dir='ltr'><strong>uossiitavs</strong></span> <span class='ocrx_word' id='word_1_113' title='bbox 1075 2428 1164 2485; x_wconf 82' lang='lat' dir='ltr'><strong>rvira</strong></span> <span class='ocrx_word' id='word_1_114' title='bbox 1188 2422 1348 2505; x_wconf 75' lang='lat' dir='ltr'><strong>[arare]</strong></span> <span class='ocrx_word' id='word_1_115' title='bbox 1372 2427 1434 2484; x_wconf 90' lang='lat' dir='ltr'><strong>svo</strong></span> <span class='ocrx_word' id='word_1_116' title='bbox 1457 2427 1483 2483; x_wconf 84' lang='lat' dir='ltr'><strong>s</strong></span> 
     </span>
    </p>
   </div>
   <div class='ocr_carea' id='block_1_9' title="bbox 442 2554 1781 4336">
    <p class='ocr_par' dir='ltr' id='par_1_9' title="bbox 442 2554 1781 4336">
     <span class='ocr_line' id='line_1_17' title="bbox 527 2554 1750 2641; baseline -0.001 -18"><span class='ocrx_word' id='word_1_117' title='bbox 527 2568 619 2641; x_wconf 83' lang='lat' dir='ltr'><strong>Nuper</strong></span> <span class='ocrx_word' id='word_1_118' title='bbox 640 2583 702 2622; x_wconf 85' lang='lat' dir='ltr'><strong>cum</strong></span> <span class='ocrx_word' id='word_1_119' title='bbox 723 2582 738 2620; x_wconf 89' lang='lat' dir='ltr'><strong>a</strong></span> <span class='ocrx_word' id='word_1_120' title='bbox 761 2564 878 2620; x_wconf 83' lang='lat' dir='ltr'><strong>Treviris</strong></span> <span class='ocrx_word' id='word_1_121' title='bbox 901 2565 980 2627; x_wconf 84' lang='lat' dir='ltr'><strong>meis,</strong></span> <span class='ocrx_word' id='word_1_122' title='bbox 1004 2582 1058 2638; x_wconf 82' lang='lat' dir='ltr'><strong>qno</strong></span> <span class='ocrx_word' id='word_1_123' title='bbox 1077 2583 1109 2620; x_wconf 84' lang='lat' dir='ltr'><strong>er</strong></span> <span class='ocrx_word' id='word_1_124' title='bbox 1127 2554 1242 2637; x_wconf 79' lang='lat' dir='ltr'><strong>negocio</strong></span> <span class='ocrx_word' id='word_1_125' title='bbox 1262 2565 1378 2638; x_wconf 87' lang='lat' dir='ltr'><strong>quodam</strong></span> <span class='ocrx_word' id='word_1_126' title='bbox 1395 2564 1518 2639; x_wconf 82' lang='lat' dir='ltr'><strong>principe</strong></span> <span class='ocrx_word' id='word_1_127' title='bbox 1541 2563 1613 2621; x_wconf 88' lang='lat' dir='ltr'><strong>bene</strong></span> <span class='ocrx_word' id='word_1_128' title='bbox 1637 2565 1750 2622; x_wconf 79' lang='lat' dir='ltr'><strong>favente</strong></span> 
     </span>
     <span class='ocr_line' id='line_1_18' title="bbox 444 2649 1781 2723; baseline -0.002 -15"><span class='ocrx_word' id='word_1_129' title='bbox 444 2654 496 2709; x_wconf 85' lang='lat' dir='ltr'><strong>iter</strong></span> <span class='ocrx_word' id='word_1_130' title='bbox 522 2652 705 2712; x_wconf 78' lang='lat' dir='ltr'><strong>confeceram.</strong></span> <span class='ocrx_word' id='word_1_131' title='bbox 739 2650 764 2704; x_wconf 90' lang='lat' dir='ltr'><strong>in</strong></span> <span class='ocrx_word' id='word_1_132' title='bbox 793 2651 861 2705; x_wconf 89' lang='lat' dir='ltr'><strong>hane</strong></span> <span class='ocrx_word' id='word_1_133' title='bbox 889 2658 961 2705; x_wconf 87' lang='lat' dir='ltr'><strong>tuam</strong></span> <span class='ocrx_word' id='word_1_134' title='bbox 990 2651 1104 2722; x_wconf 84' lang='lat' dir='ltr'><strong>patriam</strong></span> <span class='ocrx_word' id='word_1_135' title='bbox 1133 2656 1174 2705; x_wconf 81' lang='lat' dir='ltr'><strong>tire</strong></span> <span class='ocrx_word' id='word_1_136' title='bbox 1203 2650 1365 2723; x_wconf 81' lang='lat' dir='ltr'><strong>reciperem,</strong></span> <span class='ocrx_word' id='word_1_137' title='bbox 1400 2649 1462 2706; x_wconf 87' lang='lat' dir='ltr'><strong>mali</strong></span> <span class='ocrx_word' id='word_1_138' title='bbox 1491 2649 1639 2723; x_wconf 86' lang='lat' dir='ltr'><strong>suspicans</strong></span> <span class='ocrx_word' id='word_1_139' title='bbox 1668 2651 1781 2714; x_wconf 75' lang='lat' dir='ltr'><strong>nitito</strong></span> 
     </span>
     <span class='ocr_line' id='line_1_19' title="bbox 442 2734 1747 2807; baseline -0.001 -14"><span class='ocrx_word' id='word_1_140' title='bbox 442 2746 544 2793; x_wconf 87' lang='lat' dir='ltr'><strong>tantam</strong></span> <span class='ocrx_word' id='word_1_141' title='bbox 567 2753 657 2790; x_wconf 87' lang='lat' dir='ltr'><strong>rerum</strong></span> <span class='ocrx_word' id='word_1_142' title='bbox 680 2735 801 2790; x_wconf 85' lang='lat' dir='ltr'><strong>oruniurn</strong></span> <span class='ocrx_word' id='word_1_143' title='bbox 822 2734 1065 2806; x_wconf 84' lang='lat' dir='ltr'><strong>permutationem.</strong></span> <span class='ocrx_word' id='word_1_144' title='bbox 1088 2735 1170 2790; x_wconf 86' lang='lat' dir='ltr'><strong>immo</strong></span> <span class='ocrx_word' id='word_1_145' title='bbox 1191 2735 1426 2807; x_wconf 80' lang='lat' dir='ltr'><strong>perturbationem</strong></span> <span class='ocrx_word' id='word_1_146' title='bbox 1449 2734 1565 2797; x_wconf 85' lang='lat' dir='ltr'><strong>otlendi,</strong></span> <span class='ocrx_word' id='word_1_147' title='bbox 1586 2743 1620 2790; x_wconf 91' lang='lat' dir='ltr'><strong>ut</strong></span> <span class='ocrx_word' id='word_1_148' title='bbox 1639 2736 1747 2792; x_wconf 81' lang='lat' dir='ltr'><strong>subita-</strong></span> 
     </span>
     <span class='ocr_line' id='line_1_20' title="bbox 443 2819 1749 2894; baseline -0.001 -16"><span class='ocrx_word' id='word_1_149' title='bbox 443 2840 510 2878; x_wconf 89' lang='lat' dir='ltr'><strong>neos</strong></span> <span class='ocrx_word' id='word_1_150' title='bbox 533 2822 599 2877; x_wconf 86' lang='lat' dir='ltr'><strong>adeo</strong></span> <span class='ocrx_word' id='word_1_151' title='bbox 625 2837 716 2875; x_wconf 84' lang='lat' dir='ltr'><strong>rernm</strong></span> <span class='ocrx_word' id='word_1_152' title='bbox 738 2819 915 2873; x_wconf 85' lang='lat' dir='ltr'><strong>lrarnanaruru</strong></span> <span class='ocrx_word' id='word_1_153' title='bbox 945 2828 1035 2874; x_wconf 85' lang='lat' dir='ltr'><strong>motas</strong></span> <span class='ocrx_word' id='word_1_154' title='bbox 1064 2821 1130 2876; x_wconf 88' lang='lat' dir='ltr'><strong>satis</strong></span> <span class='ocrx_word' id='word_1_155' title='bbox 1153 2820 1245 2877; x_wconf 83' lang='lat' dir='ltr'><strong>mirari</strong></span> <span class='ocrx_word' id='word_1_156' title='bbox 1270 2838 1324 2876; x_wconf 90' lang='lat' dir='ltr'><strong>nan</strong></span> <span class='ocrx_word' id='word_1_157' title='bbox 1346 2838 1463 2894; x_wconf 83' lang='lat' dir='ltr'><strong>possem.</strong></span> <span class='ocrx_word' id='word_1_158' title='bbox 1508 2837 1571 2876; x_wconf 86' lang='lat' dir='ltr'><strong>nam</strong></span> <span class='ocrx_word' id='word_1_159' title='bbox 1595 2822 1693 2877; x_wconf 88' lang='lat' dir='ltr'><strong>statim</strong></span> <span class='ocrx_word' id='word_1_160' title='bbox 1717 2830 1749 2878; x_wconf 91' lang='lat' dir='ltr'><strong>ut</strong></span> 
     </span>
     <span class='ocr_line' id='line_1_21' title="bbox 443 2903 1746 2982; baseline 0 -20"><span class='ocrx_word' id='word_1_161' title='bbox 443 2905 621 2982; x_wconf 79' lang='lat' dir='ltr'><strong>Erphurilianr</strong></span> <span class='ocrx_word' id='word_1_162' title='bbox 645 2905 672 2960; x_wconf 93' lang='lat' dir='ltr'><strong>in</strong></span> <span class='ocrx_word' id='word_1_163' title='bbox 695 2903 832 2961; x_wconf 88' lang='lat' dir='ltr'><strong>redeundo</strong></span> <span class='ocrx_word' id='word_1_164' title='bbox 855 2903 978 2977; x_wconf 86' lang='lat' dir='ltr'><strong>perveni,</strong></span> <span class='ocrx_word' id='word_1_165' title='bbox 1001 2904 1078 2960; x_wconf 88' lang='lat' dir='ltr'><strong>amici</strong></span> <span class='ocrx_word' id='word_1_166' title='bbox 1103 2922 1172 2978; x_wconf 88' lang='lat' dir='ltr'><strong>quos</strong></span> <span class='ocrx_word' id='word_1_167' title='bbox 1195 2904 1250 2961; x_wconf 90' lang='lat' dir='ltr'><strong>illic</strong></span> <span class='ocrx_word' id='word_1_168' title='bbox 1273 2905 1359 2961; x_wconf 85' lang='lat' dir='ltr'><strong>habea</strong></span> <span class='ocrx_word' id='word_1_169' title='bbox 1383 2906 1483 2962; x_wconf 88' lang='lat' dir='ltr'><strong>multos</strong></span> <span class='ocrx_word' id='word_1_170' title='bbox 1501 2913 1529 2960; x_wconf 89' lang='lat' dir='ltr'><strong>ct</strong></span> <span class='ocrx_word' id='word_1_171' title='bbox 1551 2922 1685 2978; x_wconf 78' lang='lat' dir='ltr'><strong>magnos,</strong></span> <span class='ocrx_word' id='word_1_172' title='bbox 1708 2907 1746 2962; x_wconf 89' lang='lat' dir='ltr'><strong>ci·</strong></span> 
     </span>
     <span class='ocr_line' id='line_1_22' title="bbox 443 2987 1746 3066; baseline 0.001 -21"><span class='ocrx_word' id='word_1_173' title='bbox 443 2992 504 3048; x_wconf 90' lang='lat' dir='ltr'><strong>vilia</strong></span> <span class='ocrx_word' id='word_1_174' title='bbox 526 2990 619 3066; x_wconf 87' lang='lat' dir='ltr'><strong>potius</strong></span> <span class='ocrx_word' id='word_1_175' title='bbox 642 2999 687 3046; x_wconf 87' lang='lat' dir='ltr'><strong>aut</strong></span> <span class='ocrx_word' id='word_1_176' title='bbox 710 2988 851 3045; x_wconf 82' lang='lat' dir='ltr'><strong>familiaria</strong></span> <span class='ocrx_word' id='word_1_177' title='bbox 875 2987 1010 3045; x_wconf 84' lang='lat' dir='ltr'><strong>Saxonum</strong></span> <span class='ocrx_word' id='word_1_178' title='bbox 1036 2989 1106 3045; x_wconf 88' lang='lat' dir='ltr'><strong>inter</strong></span> <span class='ocrx_word' id='word_1_179' title='bbox 1129 3007 1188 3045; x_wconf 90' lang='lat' dir='ltr'><strong>sese</strong></span> <span class='ocrx_word' id='word_1_180' title='bbox 1217 2990 1287 3046; x_wconf 87' lang='lat' dir='ltr'><strong>bolla</strong></span> <span class='ocrx_word' id='word_1_181' title='bbox 1312 2990 1465 3046; x_wconf 86' lang='lat' dir='ltr'><strong>narrabant.</strong></span> <span class='ocrx_word' id='word_1_182' title='bbox 1511 2998 1569 3046; x_wconf 92' lang='lat' dir='ltr'><strong>tum</strong></span> <span class='ocrx_word' id='word_1_183' title='bbox 1590 2989 1746 3047; x_wconf 76' lang='lat' dir='ltr'><strong>litterariae</strong></span> 
     </span>
     <span class='ocr_line' id='line_1_23' title="bbox 442 3072 1778 3151; baseline -0.001 -17"><span class='ocrx_word' id='word_1_184' title='bbox 442 3075 659 3135; x_wconf 82' lang='lat' dir='ltr'><strong>conflictationes</strong></span> <span class='ocrx_word' id='word_1_185' title='bbox 678 3074 775 3149; x_wconf 83' lang='lat' dir='ltr'><strong>Lipsiae</strong></span> <span class='ocrx_word' id='word_1_186' title='bbox 797 3092 828 3130; x_wconf 88' lang='lat' dir='ltr'><strong>ac</strong></span> <span class='ocrx_word' id='word_1_187' title='bbox 846 3074 1057 3147; x_wconf 81' lang='lat' dir='ltr'><strong>Wittenhergae.</strong></span> <span class='ocrx_word' id='word_1_188' title='bbox 1086 3092 1117 3129; x_wconf 84' lang='lat' dir='ltr'><strong>er</strong></span> <span class='ocrx_word' id='word_1_189' title='bbox 1142 3076 1359 3148; x_wconf 86' lang='lat' dir='ltr'><strong>qucabiisseru,</strong></span> <span class='ocrx_word' id='word_1_190' title='bbox 1374 3076 1498 3132; x_wconf 76' lang='lat' dir='ltr'><strong>&#39;famosae</strong></span> <span class='ocrx_word' id='word_1_191' title='bbox 1521 3072 1596 3130; x_wconf 89' lang='lat' dir='ltr'><strong>illius</strong></span> <span class='ocrx_word' id='word_1_192' title='bbox 1620 3076 1778 3151; x_wconf 80' lang='lat' dir='ltr'><strong>disputa-²⁰</strong></span> 
     </span>
     <span class='ocr_line' id='line_1_24' title="bbox 444 3159 1745 3235; baseline -0.001 -17"><span class='ocrx_word' id='word_1_193' title='bbox 444 3162 525 3218; x_wconf 85' lang='lat' dir='ltr'><strong>tionis</strong></span> <span class='ocrx_word' id='word_1_194' title='bbox 550 3161 696 3219; x_wconf 77' lang='lat' dir='ltr'><strong>occasione</strong></span> <span class='ocrx_word' id='word_1_195' title='bbox 720 3160 892 3220; x_wconf 78' lang='lat' dir='ltr'><strong>existentcis.</strong></span> <span class='ocrx_word' id='word_1_196' title='bbox 923 3178 953 3216; x_wconf 90' lang='lat' dir='ltr'><strong>ac</strong></span> <span class='ocrx_word' id='word_1_197' title='bbox 985 3160 1044 3215; x_wconf 89' lang='lat' dir='ltr'><strong>sine</strong></span> <span class='ocrx_word' id='word_1_198' title='bbox 1073 3159 1125 3215; x_wconf 89' lang='lat' dir='ltr'><strong>linc</strong></span> <span class='ocrx_word' id='word_1_199' title='bbox 1153 3161 1377 3233; x_wconf 82' lang='lat' dir='ltr'><strong>progredientes,</strong></span> <span class='ocrx_word' id='word_1_200' title='bbox 1403 3178 1517 3234; x_wconf 89' lang='lat' dir='ltr'><strong>quarum</strong></span> <span class='ocrx_word' id='word_1_201' title='bbox 1540 3160 1654 3233; x_wconf 87' lang='lat' dir='ltr'><strong>etipse</strong></span> <span class='ocrx_word' id='word_1_202' title='bbox 1679 3179 1745 3235; x_wconf 84' lang='lat' dir='ltr'><strong>pars</strong></span> 
     </span>
     <span class='ocr_line' id='line_1_25' title="bbox 444 3243 1743 3320; baseline -0.002 -17"><span class='ocrx_word' id='word_1_203' title='bbox 444 3266 532 3303; x_wconf 89' lang='lat' dir='ltr'><strong>essem</strong></span> <span class='ocrx_word' id='word_1_204' title='bbox 548 3286 1172 3302; x_wconf 83' lang='grc'><strong>..........................</strong></span> <span class='ocrx_word' id='word_1_205' title='bbox 1189 3263 1220 3301; x_wconf 88' lang='lat' dir='ltr'><strong>ae</strong></span> <span class='ocrx_word' id='word_1_206' title='bbox 1234 3263 1298 3301; x_wconf 87' lang='lat' dir='ltr'><strong>vero</strong></span> <span class='ocrx_word' id='word_1_207' title='bbox 1322 3246 1543 3320; x_wconf 83' lang='lat' dir='ltr'><strong>archiepiscopus</strong></span> <span class='ocrx_word' id='word_1_208' title='bbox 1561 3243 1743 3307; x_wconf 67' lang='lat' dir='ltr'><strong>tiernensis,</strong></span> 
     </span>
     <span class='ocr_line' id='line_1_26' title="bbox 442 3329 1743 3403; baseline -0.002 -14"><span class='ocrx_word' id='word_1_209' title='bbox 442 3333 486 3390; x_wconf 88' lang='lat' dir='ltr'><strong>cni</strong></span> <span class='ocrx_word' id='word_1_210' title='bbox 512 3332 618 3388; x_wconf 89' lang='lat' dir='ltr'><strong>llartini</strong></span> <span class='ocrx_word' id='word_1_211' title='bbox 641 3348 721 3388; x_wconf 88' lang='lat' dir='ltr'><strong>cansa</strong></span> <span class='ocrx_word' id='word_1_212' title='bbox 743 3348 758 3385; x_wconf 86' lang='lat' dir='ltr'><strong>a</strong></span> <span class='ocrx_word' id='word_1_213' title='bbox 779 3330 906 3403; x_wconf 86' lang='lat' dir='ltr'><strong>pontifice</strong></span> <span class='ocrx_word' id='word_1_214' title='bbox 935 3338 977 3385; x_wconf 89' lang='lat' dir='ltr'><strong>cst</strong></span> <span class='ocrx_word' id='word_1_215' title='bbox 1000 3329 1157 3391; x_wconf 74' lang='lat' dir='ltr'><strong>coronasse,</strong></span> <span class='ocrx_word' id='word_1_216' title='bbox 1187 3330 1289 3386; x_wconf 88' lang='lat' dir='ltr'><strong>bomini</strong></span> <span class='ocrx_word' id='word_1_217' title='bbox 1321 3348 1376 3386; x_wconf 90' lang='lat' dir='ltr'><strong>non</strong></span> <span class='ocrx_word' id='word_1_218' title='bbox 1404 3330 1546 3386; x_wconf 86' lang='lat' dir='ltr'><strong>admodum</strong></span> <span class='ocrx_word' id='word_1_219' title='bbox 1575 3329 1633 3384; x_wconf 83' lang='lat' dir='ltr'><strong>vult</strong></span> <span class='ocrx_word' id='word_1_220' title='bbox 1662 3330 1743 3386; x_wconf 79' lang='lat' dir='ltr'><strong>male.</strong></span> 
     </span>
     <span class='ocr_line' id='line_1_27' title="bbox 443 3414 1743 3491; baseline -0.001 -19"><span class='ocrx_word' id='word_1_221' title='bbox 443 3418 469 3473; x_wconf 88' lang='lat' dir='ltr'><strong>id</strong></span> <span class='ocrx_word' id='word_1_222' title='bbox 493 3417 565 3491; x_wconf 86' lang='lat' dir='ltr'><strong>quad</strong></span> <span class='ocrx_word' id='word_1_223' title='bbox 588 3435 619 3473; x_wconf 84' lang='lat' dir='ltr'><strong>er</strong></span> <span class='ocrx_word' id='word_1_224' title='bbox 642 3425 736 3472; x_wconf 89' lang='lat' dir='ltr'><strong>mutuo</strong></span> <span class='ocrx_word' id='word_1_225' title='bbox 761 3414 916 3488; x_wconf 85' lang='lat' dir='ltr'><strong>colloquia,</strong></span> <span class='ocrx_word' id='word_1_226' title='bbox 943 3432 1004 3469; x_wconf 86' lang='lat' dir='ltr'><strong>curu</strong></span> <span class='ocrx_word' id='word_1_227' title='bbox 1028 3432 1115 3487; x_wconf 90' lang='lat' dir='ltr'><strong>nuper</strong></span> <span class='ocrx_word' id='word_1_228' title='bbox 1137 3414 1164 3469; x_wconf 88' lang='lat' dir='ltr'><strong>in</strong></span> <span class='ocrx_word' id='word_1_229' title='bbox 1191 3416 1277 3487; x_wconf 89' lang='lat' dir='ltr'><strong>patria</strong></span> <span class='ocrx_word' id='word_1_230' title='bbox 1300 3416 1331 3471; x_wconf 86' lang='lat' dir='ltr'><strong>ad</strong></span> <span class='ocrx_word' id='word_1_231' title='bbox 1354 3416 1495 3489; x_wconf 87' lang='lat' dir='ltr'><strong>prandium</strong></span> <span class='ocrx_word' id='word_1_232' title='bbox 1519 3414 1553 3469; x_wconf 92' lang='lat' dir='ltr'><strong>ab</strong></span> <span class='ocrx_word' id='word_1_233' title='bbox 1573 3431 1608 3469; x_wconf 86' lang='lat' dir='ltr'><strong>eo</strong></span> <span class='ocrx_word' id='word_1_234' title='bbox 1630 3424 1743 3471; x_wconf 84' lang='lat' dir='ltr'><strong>vocatus</strong></span> 
     </span>
     <span class='ocr_line' id='line_1_28' title="bbox 443 3499 1774 3574; baseline -0.002 -16"><span class='ocrx_word' id='word_1_235' title='bbox 443 3521 544 3564; x_wconf 85' lang='lat' dir='ltr'><strong>essem,</strong></span> <span class='ocrx_word' id='word_1_236' title='bbox 565 3502 654 3557; x_wconf 86' lang='lat' dir='ltr'><strong>didici.</strong></span> <span class='ocrx_word' id='word_1_237' title='bbox 699 3501 747 3556; x_wconf 89' lang='lat' dir='ltr'><strong>llic</strong></span> <span class='ocrx_word' id='word_1_238' title='bbox 770 3500 852 3555; x_wconf 90' lang='lat' dir='ltr'><strong>heros</strong></span> <span class='ocrx_word' id='word_1_239' title='bbox 876 3499 1104 3573; x_wconf 84' lang='lat' dir='ltr'><strong>prudentissimus</strong></span> <span class='ocrx_word' id='word_1_240' title='bbox 1132 3509 1174 3554; x_wconf 91' lang='lat' dir='ltr'><strong>est</strong></span> <span class='ocrx_word' id='word_1_241' title='bbox 1200 3508 1227 3555; x_wconf 90' lang='lat' dir='ltr'><strong>ct</strong></span> <span class='ocrx_word' id='word_1_242' title='bbox 1255 3501 1335 3556; x_wconf 82' lang='lat' dir='ltr'><strong>animi</strong></span> <span class='ocrx_word' id='word_1_243' title='bbox 1360 3500 1439 3574; x_wconf 72' lang='lat' dir='ltr'><strong>prlane</strong></span> <span class='ocrx_word' id='word_1_244' title='bbox 1462 3500 1567 3573; x_wconf 83' lang='lat' dir='ltr'><strong>magui,</strong></span> <span class='ocrx_word' id='word_1_245' title='bbox 1592 3506 1625 3554; x_wconf 90' lang='lat' dir='ltr'><strong>nt</strong></span> <span class='ocrx_word' id='word_1_246' title='bbox 1644 3500 1774 3556; x_wconf 73' lang='lat' dir='ltr'><strong>homa-²⁵</strong></span> 
     </span>
     <span class='ocr_line' id='line_1_29' title="bbox 444 3583 1742 3658; baseline -0.002 -16"><span class='ocrx_word' id='word_1_247' title='bbox 444 3604 541 3644; x_wconf 86' lang='lat' dir='ltr'><strong>nenses</strong></span> <span class='ocrx_word' id='word_1_248' title='bbox 569 3587 638 3642; x_wconf 89' lang='lat' dir='ltr'><strong>istos</strong></span> <span class='ocrx_word' id='word_1_249' title='bbox 667 3586 734 3641; x_wconf 91' lang='lat' dir='ltr'><strong>nihil</strong></span> <span class='ocrx_word' id='word_1_250' title='bbox 760 3592 892 3640; x_wconf 77' lang='lat' dir='ltr'><strong>irroretur.</strong></span> <span class='ocrx_word' id='word_1_251' title='bbox 937 3584 1097 3640; x_wconf 81' lang='lat' dir='ltr'><strong>Franciscns</strong></span> <span class='ocrx_word' id='word_1_252' title='bbox 1114 3584 1147 3639; x_wconf 89' lang='lat' dir='ltr'><strong>de</strong></span> <span class='ocrx_word' id='word_1_253' title='bbox 1170 3584 1327 3658; x_wconf 83' lang='lat' dir='ltr'><strong>Syggingen</strong></span> <span class='ocrx_word' id='word_1_254' title='bbox 1350 3585 1396 3641; x_wconf 88' lang='lat' dir='ltr'><strong>ille</strong></span> <span class='ocrx_word' id='word_1_255' title='bbox 1414 3603 1527 3657; x_wconf 82' lang='lat' dir='ltr'><strong>ruagaus</strong></span> <span class='ocrx_word' id='word_1_256' title='bbox 1549 3584 1577 3639; x_wconf 89' lang='lat' dir='ltr'><strong>in</strong></span> <span class='ocrx_word' id='word_1_257' title='bbox 1597 3583 1742 3641; x_wconf 83' lang='lat' dir='ltr'><strong>Germania</strong></span> 
     </span>
     <span class='ocr_line' id='line_1_30' title="bbox 443 3668 1741 3744; baseline -0.004 -16"><span class='ocrx_word' id='word_1_258' title='bbox 443 3673 541 3729; x_wconf 88' lang='lat' dir='ltr'><strong>ductor</strong></span> <span class='ocrx_word' id='word_1_259' title='bbox 563 3671 755 3743; x_wconf 78' lang='lat' dir='ltr'><strong>llogestratum</strong></span> <span class='ocrx_word' id='word_1_260' title='bbox 783 3687 814 3726; x_wconf 90' lang='lat' dir='ltr'><strong>ac</strong></span> <span class='ocrx_word' id='word_1_261' title='bbox 840 3688 905 3724; x_wconf 89' lang='lat' dir='ltr'><strong>suos</strong></span> <span class='ocrx_word' id='word_1_262' title='bbox 933 3668 1050 3724; x_wconf 77' lang='lat' dir='ltr'><strong>sailaleis</strong></span> <span class='ocrx_word' id='word_1_263' title='bbox 1080 3669 1198 3742; x_wconf 82' lang='lat' dir='ltr'><strong>graviter</strong></span> <span class='ocrx_word' id='word_1_264' title='bbox 1223 3679 1315 3744; x_wconf 80' lang='lat' dir='ltr'><strong>urget,</strong></span> <span class='ocrx_word' id='word_1_265' title='bbox 1346 3687 1400 3743; x_wconf 88' lang='lat' dir='ltr'><strong>quo</strong></span> <span class='ocrx_word' id='word_1_266' title='bbox 1424 3668 1555 3744; x_wconf 86' lang='lat' dir='ltr'><strong>Capnioni</strong></span> <span class='ocrx_word' id='word_1_267' title='bbox 1579 3679 1678 3725; x_wconf 89' lang='lat' dir='ltr'><strong>nostro</strong></span> <span class='ocrx_word' id='word_1_268' title='bbox 1702 3670 1741 3725; x_wconf 90' lang='lat' dir='ltr'><strong>rei</strong></span> 
     </span>
     <span class='ocr_line' id='line_1_31' title="bbox 443 3753 1741 3828; baseline 0.001 -15"><span class='ocrx_word' id='word_1_269' title='bbox 443 3756 583 3813; x_wconf 82' lang='lat' dir='ltr'><strong>latniliaris</strong></span> <span class='ocrx_word' id='word_1_270' title='bbox 609 3756 753 3818; x_wconf 88' lang='lat' dir='ltr'><strong>iacturam,</strong></span> <span class='ocrx_word' id='word_1_271' title='bbox 786 3772 865 3827; x_wconf 82' lang='lat' dir='ltr'><strong>quarn</strong></span> <span class='ocrx_word' id='word_1_272' title='bbox 894 3764 1008 3828; x_wconf 88' lang='lat' dir='ltr'><strong>propter</strong></span> <span class='ocrx_word' id='word_1_273' title='bbox 1038 3771 1086 3809; x_wconf 89' lang='lat' dir='ltr'><strong>eos</strong></span> <span class='ocrx_word' id='word_1_274' title='bbox 1115 3753 1192 3816; x_wconf 84' lang='lat' dir='ltr'><strong>iecit,</strong></span> <span class='ocrx_word' id='word_1_275' title='bbox 1225 3755 1296 3811; x_wconf 90' lang='lat' dir='ltr'><strong>intra</strong></span> <span class='ocrx_word' id='word_1_276' title='bbox 1324 3763 1424 3811; x_wconf 88' lang='lat' dir='ltr'><strong>statura</strong></span> <span class='ocrx_word' id='word_1_277' title='bbox 1447 3763 1554 3827; x_wconf 86' lang='lat' dir='ltr'><strong>tempus</strong></span> <span class='ocrx_word' id='word_1_278' title='bbox 1581 3755 1741 3814; x_wconf 83' lang='lat' dir='ltr'><strong>resarciant.</strong></span> 
     </span>
     <span class='ocr_line' id='line_1_32' title="bbox 443 3838 1741 3916; baseline -0.002 -19"><span class='ocrx_word' id='word_1_279' title='bbox 443 3842 545 3916; x_wconf 87' lang='lat' dir='ltr'><strong>alioqui</strong></span> <span class='ocrx_word' id='word_1_280' title='bbox 573 3859 602 3897; x_wconf 88' lang='lat' dir='ltr'><strong>se</strong></span> <span class='ocrx_word' id='word_1_281' title='bbox 631 3860 678 3897; x_wconf 85' lang='lat' dir='ltr'><strong>cos</strong></span> <span class='ocrx_word' id='word_1_282' title='bbox 705 3840 808 3914; x_wconf 88' lang='lat' dir='ltr'><strong>paritor</strong></span> <span class='ocrx_word' id='word_1_283' title='bbox 835 3848 863 3895; x_wconf 90' lang='lat' dir='ltr'><strong>et</strong></span> <span class='ocrx_word' id='word_1_284' title='bbox 890 3839 1081 3895; x_wconf 81' lang='lat' dir='ltr'><strong>Colonierrsern</strong></span> <span class='ocrx_word' id='word_1_285' title='bbox 1111 3856 1195 3915; x_wconf 84' lang='lat' dir='ltr'><strong>remp.</strong></span> <span class='ocrx_word' id='word_1_286' title='bbox 1218 3840 1396 3897; x_wconf 86' lang='lat' dir='ltr'><strong>altlicturunr:</strong></span> <span class='ocrx_word' id='word_1_287' title='bbox 1430 3838 1550 3895; x_wconf 87' lang='lat' dir='ltr'><strong>devoluti</strong></span> <span class='ocrx_word' id='word_1_288' title='bbox 1574 3839 1648 3895; x_wconf 88' lang='lat' dir='ltr'><strong>enim</strong></span> <span class='ocrx_word' id='word_1_289' title='bbox 1677 3848 1741 3895; x_wconf 89' lang='lat' dir='ltr'><strong>snat</strong></span> 
     </span>
     <span class='ocr_line' id='line_1_33' title="bbox 443 3923 1772 3997; baseline -0.002 -15"><span class='ocrx_word' id='word_1_290' title='bbox 443 3928 537 3983; x_wconf 90' lang='lat' dir='ltr'><strong>hostes</strong></span> <span class='ocrx_word' id='word_1_291' title='bbox 559 3925 699 3982; x_wconf 84' lang='lat' dir='ltr'><strong>Reuehliai</strong></span> <span class='ocrx_word' id='word_1_292' title='bbox 726 3925 753 3981; x_wconf 90' lang='lat' dir='ltr'><strong>in</strong></span> <span class='ocrx_word' id='word_1_293' title='bbox 772 3942 949 3997; x_wconf 83' lang='lat' dir='ltr'><strong>expensarum</strong></span> <span class='ocrx_word' id='word_1_294' title='bbox 970 3924 1223 3981; x_wconf 81' lang='lat' dir='ltr'><strong>condemnationem</strong></span> <span class='ocrx_word' id='word_1_295' title='bbox 1247 3934 1277 3981; x_wconf 89' lang='lat' dir='ltr'><strong>nt</strong></span> <span class='ocrx_word' id='word_1_296' title='bbox 1299 3933 1403 3981; x_wconf 81' lang='lat' dir='ltr'><strong>vocarit.</strong></span> <span class='ocrx_word' id='word_1_297' title='bbox 1448 3923 1580 3997; x_wconf 84' lang='lat' dir='ltr'><strong>Ulryehus</strong></span> <span class='ocrx_word' id='word_1_298' title='bbox 1603 3923 1772 3981; x_wconf 76' lang='lat' dir='ltr'><strong>autrenusu</strong></span> 
     </span>
     <span class='ocr_line' id='line_1_34' title="bbox 443 4007 1740 4085; baseline -0.002 -19"><span class='ocrx_word' id='word_1_299' title='bbox 443 4012 574 4085; x_wconf 85' lang='lat' dir='ltr'><strong>principis</strong></span> <span class='ocrx_word' id='word_1_300' title='bbox 596 4010 638 4065; x_wconf 88' lang='lat' dir='ltr'><strong>sui</strong></span> <span class='ocrx_word' id='word_1_301' title='bbox 660 4009 794 4065; x_wconf 84' lang='lat' dir='ltr'><strong>sumtibus</strong></span> <span class='ocrx_word' id='word_1_302' title='bbox 816 4009 963 4082; x_wconf 75' lang='lat' dir='ltr'><strong>lloguntiie</strong></span> <span class='ocrx_word' id='word_1_303' title='bbox 984 4009 1065 4064; x_wconf 82' lang='lat' dir='ltr'><strong>trinta</strong></span> <span class='ocrx_word' id='word_1_304' title='bbox 1083 4008 1235 4081; x_wconf 82' lang='lat' dir='ltr'><strong>linguarum</strong></span> <span class='ocrx_word' id='word_1_305' title='bbox 1259 4010 1378 4065; x_wconf 86' lang='lat' dir='ltr'><strong>scholam</strong></span> <span class='ocrx_word' id='word_1_306' title='bbox 1403 4010 1524 4065; x_wconf 85' lang='lat' dir='ltr'><strong>adornat.</strong></span> <span class='ocrx_word' id='word_1_307' title='bbox 1559 4007 1640 4063; x_wconf 79' lang='lat' dir='ltr'><strong>Vides</strong></span> <span class='ocrx_word' id='word_1_308' title='bbox 1661 4027 1740 4082; x_wconf 78' lang='lat' dir='ltr'><strong>quarn</strong></span> 
     </span>
     <span class='ocr_line' id='line_1_35' title="bbox 443 4092 1740 4169; baseline 0 -19"><span class='ocrx_word' id='word_1_309' title='bbox 443 4096 536 4168; x_wconf 85' lang='lat' dir='ltr'><strong>paucis</strong></span> <span class='ocrx_word' id='word_1_310' title='bbox 558 4095 636 4150; x_wconf 83' lang='lat' dir='ltr'><strong>arinis</strong></span> <span class='ocrx_word' id='word_1_311' title='bbox 659 4102 716 4149; x_wconf 84' lang='lat' dir='ltr'><strong>tata</strong></span> <span class='ocrx_word' id='word_1_312' title='bbox 735 4093 877 4149; x_wconf 83' lang='lat' dir='ltr'><strong>Germania</strong></span> <span class='ocrx_word' id='word_1_313' title='bbox 899 4093 1005 4149; x_wconf 84' lang='lat' dir='ltr'><strong>litteras</strong></span> <span class='ocrx_word' id='word_1_314' title='bbox 1026 4094 1140 4167; x_wconf 78' lang='lat' dir='ltr'><strong>ceperit</strong></span> <span class='ocrx_word' id='word_1_315' title='bbox 1162 4094 1296 4169; x_wconf 81' lang='lat' dir='ltr'><strong>atriplecti.</strong></span> <span class='ocrx_word' id='word_1_316' title='bbox 1331 4094 1363 4150; x_wconf 84' lang='lat' dir='ltr'><strong>Et</strong></span> <span class='ocrx_word' id='word_1_317' title='bbox 1385 4095 1412 4150; x_wconf 88' lang='lat' dir='ltr'><strong>in</strong></span> <span class='ocrx_word' id='word_1_318' title='bbox 1435 4095 1485 4151; x_wconf 90' lang='lat' dir='ltr'><strong>hac</strong></span> <span class='ocrx_word' id='word_1_319' title='bbox 1509 4093 1586 4150; x_wconf 86' lang='lat' dir='ltr'><strong>laude</strong></span> <span class='ocrx_word' id='word_1_320' title='bbox 1601 4092 1740 4150; x_wconf 83' lang='lat' dir='ltr'><strong>Friderica</strong></span> 
     </span>
     <span class='ocr_line' id='line_1_36' title="bbox 443 4177 1740 4253; baseline -0.001 -19"><span class='ocrx_word' id='word_1_321' title='bbox 443 4179 560 4253; x_wconf 86' lang='lat' dir='ltr'><strong>principi</strong></span> <span class='ocrx_word' id='word_1_322' title='bbox 584 4179 697 4236; x_wconf 86' lang='lat' dir='ltr'><strong>electori</strong></span> <span class='ocrx_word' id='word_1_323' title='bbox 719 4178 813 4252; x_wconf 82' lang='lat' dir='ltr'><strong>priinae</strong></span> <span class='ocrx_word' id='word_1_324' title='bbox 836 4177 969 4234; x_wconf 88' lang='lat' dir='ltr'><strong>debentur</strong></span> <span class='ocrx_word' id='word_1_325' title='bbox 991 4221 1235 4234; x_wconf 91' lang='grc'><em>...........</em></span> <span class='ocrx_word' id='word_1_326' title='bbox 1280 4179 1372 4236; x_wconf 82' lang='lat' dir='ltr'><strong>llisnae</strong></span> <span class='ocrx_word' id='word_1_327' title='bbox 1395 4188 1490 4236; x_wconf 87' lang='lat' dir='ltr'><strong>octavo</strong></span> <span class='ocrx_word' id='word_1_328' title='bbox 1515 4178 1596 4234; x_wconf 85' lang='lat' dir='ltr'><strong>Eidus</strong></span> <span class='ocrx_word' id='word_1_329' title='bbox 1616 4178 1740 4235; x_wconf 86' lang='lat' dir='ltr'><strong>Decemb.</strong></span> 
     </span>
     <span class='ocr_line' id='line_1_37' title="bbox 443 4262 1198 4336; baseline 0 -17"><span class='ocrx_word' id='word_1_330' title='bbox 443 4265 492 4319; x_wconf 81' lang='lat' dir='ltr'><strong>hn.</strong></span> <span class='ocrx_word' id='word_1_331' title='bbox 516 4264 583 4318; x_wconf 81' lang='lat' dir='ltr'><strong>llll.</strong></span> <span class='ocrx_word' id='word_1_332' title='bbox 592 4263 654 4318; x_wconf 82' lang='lat' dir='ltr'><strong>xlx.</strong></span> <span class='ocrx_word' id='word_1_333' title='bbox 700 4262 807 4336; x_wconf 84' lang='lat' dir='ltr'><strong>Raptim</strong></span> <span class='ocrx_word' id='word_1_334' title='bbox 828 4279 859 4318; x_wconf 89' lang='lat' dir='ltr'><strong>ae</strong></span> <span class='ocrx_word' id='word_1_335' title='bbox 880 4262 1037 4326; x_wconf 85' lang='lat' dir='ltr'><strong>celerrime,</strong></span> <span class='ocrx_word' id='word_1_336' title='bbox 1063 4272 1094 4319; x_wconf 93' lang='lat' dir='ltr'><strong>ut</strong></span> <span class='ocrx_word' id='word_1_337' title='bbox 1117 4263 1198 4319; x_wconf 86' lang='lat' dir='ltr'><strong>vides.</strong></span> 
     </span>
    </p>
   </div>
   <div class='ocr_carea' id='block_1_10' title="bbox 442 4512 1741 4746">
    <p class='ocr_par' dir='ltr' id='par_1_10' title="bbox 442 4512 1741 4746">
     <span class='ocr_line' id='line_1_38' title="bbox 444 4512 1739 4579; baseline -0.005 -13"><span class='ocrx_word' id='word_1_338' title='bbox 444 4513 618 4565; x_wconf 74' lang='lat' dir='ltr'><strong>CXXXXVI.</strong></span> <span class='ocrx_word' id='word_1_339' title='bbox 645 4515 687 4563; x_wconf 84' lang='lat' dir='ltr'><strong>Ex</strong></span> <span class='ocrx_word' id='word_1_340' title='bbox 705 4512 784 4563; x_wconf 88' lang='lat' dir='ltr'><strong>Petri</strong></span> <span class='ocrx_word' id='word_1_341' title='bbox 802 4512 949 4563; x_wconf 86' lang='lat' dir='ltr'><strong>Mosellani</strong></span> <span class='ocrx_word' id='word_1_342' title='bbox 972 4513 1076 4563; x_wconf 88' lang='lat' dir='ltr'><strong>litteris</strong></span> <span class='ocrx_word' id='word_1_343' title='bbox 1095 4514 1130 4564; x_wconf 86' lang='lat' dir='ltr'><strong>ad</strong></span> <span class='ocrx_word' id='word_1_344' title='bbox 1148 4513 1248 4563; x_wconf 90' lang='lat' dir='ltr'><strong>Iulium</strong></span> <span class='ocrx_word' id='word_1_345' title='bbox 1266 4513 1404 4579; x_wconf 84' lang='lat' dir='ltr'><strong>Pflugium</strong></span> <span class='ocrx_word' id='word_1_346' title='bbox 1422 4512 1456 4562; x_wconf 88' lang='lat' dir='ltr'><strong>‹ie</strong></span> <span class='ocrx_word' id='word_1_347' title='bbox 1475 4512 1667 4578; x_wconf 84' lang='lat' dir='ltr'><strong>disputatione</strong></span> <span class='ocrx_word' id='word_1_348' title='bbox 1686 4514 1739 4562; x_wconf 86' lang='lat' dir='ltr'><strong>Lu-</strong></span> 
     </span>
     <span class='ocr_line' id='line_1_39' title="bbox 442 4587 1741 4663; baseline -0.004 -12"><span class='ocrx_word' id='word_1_349' title='bbox 442 4602 515 4651; x_wconf 86' lang='lat' dir='ltr'><strong>theri</strong></span> <span class='ocrx_word' id='word_1_350' title='bbox 533 4616 594 4650; x_wconf 90' lang='lat' dir='ltr'><strong>cum</strong></span> <span class='ocrx_word' id='word_1_351' title='bbox 611 4599 697 4650; x_wconf 84' lang='lat' dir='ltr'><strong>Ecoio</strong></span> <span class='ocrx_word' id='word_1_352' title='bbox 715 4598 820 4663; x_wconf 79' lang='lat' dir='ltr'><strong>Lipsiae</strong></span> <span class='ocrx_word' id='word_1_353' title='bbox 838 4597 936 4648; x_wconf 88' lang='lat' dir='ltr'><strong>habita</strong></span> <span class='ocrx_word' id='word_1_354' title='bbox 955 4614 981 4647; x_wconf 86' lang='lat' dir='ltr'><strong>a.</strong></span> <span class='ocrx_word' id='word_1_355' title='bbox 997 4597 1070 4647; x_wconf 78' lang='lat'><strong>1519.</strong></span> <span class='ocrx_word' id='word_1_356' title='bbox 1091 4615 1124 4647; x_wconf 83' lang='lat' dir='ltr'><strong>ex</strong></span> <span class='ocrx_word' id='word_1_357' title='bbox 1142 4587 1317 4663; x_wconf 76' lang='grc' dir='ltr'><em>αὖτογράφῳ</em></span> <span class='ocrx_word' id='word_1_358' title='bbox 1335 4598 1482 4663; x_wconf 88' lang='lat' dir='ltr'><strong>descriptis</strong></span> <span class='ocrx_word' id='word_1_359' title='bbox 1500 4598 1528 4646; x_wconf 91' lang='lat' dir='ltr'><strong>in</strong></span> <span class='ocrx_word' id='word_1_360' title='bbox 1546 4596 1587 4647; x_wconf 92' lang='lat' dir='ltr'><strong>Io.</strong></span> <span class='ocrx_word' id='word_1_361' title='bbox 1607 4596 1741 4647; x_wconf 82' lang='lat' dir='ltr'><strong>Schilteri</strong></span> 
     </span>
     <span class='ocr_line' id='line_1_40' title="bbox 518 4679 1663 4746; baseline -0.003 -13"><span class='ocrx_word' id='word_1_362' title='bbox 518 4685 551 4734; x_wconf 91' lang='lat' dir='ltr'><strong>de</strong></span> <span class='ocrx_word' id='word_1_363' title='bbox 569 4683 701 4734; x_wconf 85' lang='lat' dir='ltr'><strong>libertate</strong></span> <span class='ocrx_word' id='word_1_364' title='bbox 720 4683 901 4733; x_wconf 84' lang='lat' dir='ltr'><strong>ecclesiarum</strong></span> <span class='ocrx_word' id='word_1_365' title='bbox 921 4683 1078 4732; x_wconf 84' lang='lat' dir='ltr'><strong>Germaniae</strong></span> <span class='ocrx_word' id='word_1_366' title='bbox 1097 4682 1144 4730; x_wconf 89' lang='lat' dir='ltr'><strong>lib.</strong></span> <span class='ocrx_word' id='word_1_367' title='bbox 1158 4681 1220 4730; x_wconf 88' lang='lat' dir='ltr'><strong>v11.</strong></span> <span class='ocrx_word' id='word_1_368' title='bbox 1239 4681 1315 4731; x_wconf 86' lang='lat' dir='ltr'><strong>lenae</strong></span> <span class='ocrx_word' id='word_1_369' title='bbox 1330 4680 1404 4732; x_wconf 73' lang='lat'><strong>1683.</strong></span> <span class='ocrx_word' id='word_1_370' title='bbox 1424 4682 1459 4731; x_wconf 83' lang='lat'><strong>4⁰.</strong></span> <span class='ocrx_word' id='word_1_371' title='bbox 1479 4698 1505 4746; x_wconf 93' lang='lat' dir='ltr'><strong>p.</strong></span> <span class='ocrx_word' id='word_1_372' title='bbox 1518 4679 1663 4731; x_wconf 78' lang='lat'><strong>840...852.</strong></span> 
     </span>
    </p>
   </div>
   <div class='ocr_carea' id='block_1_11' title="bbox 443 4831 1741 5071">
    <p class='ocr_par' dir='ltr' id='par_1_11' title="bbox 443 4831 1741 5071">
     <span class='ocr_line' id='line_1_41' title="bbox 513 4831 1741 4901; baseline -0.002 -15"><span class='ocrx_word' id='word_1_373' title='bbox 513 4835 533 4869; x_wconf 75' lang='lat'><strong>¹⁴</strong></span> <span class='ocrx_word' id='word_1_374' title='bbox 551 4835 685 4901; x_wconf 82' lang='lat' dir='ltr'><strong>Treviris]</strong></span> <span class='ocrx_word' id='word_1_375' title='bbox 704 4838 804 4886; x_wconf 86' lang='lat' dir='ltr'><strong>Petrus</strong></span> <span class='ocrx_word' id='word_1_376' title='bbox 822 4835 931 4886; x_wconf 80' lang='lat' dir='ltr'><strong>Schade</strong></span> <span class='ocrx_word' id='word_1_377' title='bbox 951 4837 979 4884; x_wconf 90' lang='lat' dir='ltr'><strong>in</strong></span> <span class='ocrx_word' id='word_1_378' title='bbox 998 4836 1060 4884; x_wconf 83' lang='lat' dir='ltr'><strong>vico</strong></span> <span class='ocrx_word' id='word_1_379' title='bbox 1078 4834 1190 4899; x_wconf 83' lang='lat' dir='ltr'><strong>Bruttig</strong></span> <span class='ocrx_word' id='word_1_380' title='bbox 1209 4834 1242 4883; x_wconf 90' lang='lat' dir='ltr'><strong>ad</strong></span> <span class='ocrx_word' id='word_1_381' title='bbox 1261 4833 1419 4896; x_wconf 85' lang='lat' dir='ltr'><strong>Mosellam,</strong></span> <span class='ocrx_word' id='word_1_382' title='bbox 1439 4831 1536 4883; x_wconf 92' lang='lat' dir='ltr'><strong>circuli</strong></span> <span class='ocrx_word' id='word_1_383' title='bbox 1554 4833 1741 4883; x_wconf 85' lang='lat' dir='ltr'><strong>Kocbemien·</strong></span> 
     </span>
     <span class='ocr_line' id='line_1_42' title="bbox 443 4915 1740 4983; baseline -0.003 -12"><span class='ocrx_word' id='word_1_384' title='bbox 443 4923 494 4983; x_wconf 85' lang='lat' dir='ltr'><strong>sis,</strong></span> <span class='ocrx_word' id='word_1_385' title='bbox 514 4921 667 4972; x_wconf 83' lang='lat' dir='ltr'><strong>dioeceseos</strong></span> <span class='ocrx_word' id='word_1_386' title='bbox 686 4921 874 4982; x_wconf 82' lang='lat' dir='ltr'><strong>Trevirensis,</strong></span> <span class='ocrx_word' id='word_1_387' title='bbox 899 4924 981 4969; x_wconf 87' lang='lat' dir='ltr'><strong>natus</strong></span> <span class='ocrx_word' id='word_1_388' title='bbox 1000 4920 1066 4980; x_wconf 83' lang='lat' dir='ltr'><strong>fuit,</strong></span> <span class='ocrx_word' id='word_1_389' title='bbox 1091 4918 1163 4967; x_wconf 76' lang='lat' dir='ltr'><strong>untia</strong></span> <span class='ocrx_word' id='word_1_390' title='bbox 1181 4919 1361 4983; x_wconf 81' lang='lat' dir='ltr'><strong>Protegensie</strong></span> <span class='ocrx_word' id='word_1_391' title='bbox 1380 4916 1583 4983; x_wconf 85' lang='lat' dir='ltr'><strong>adpellabatnr.</strong></span> <span class='ocrx_word' id='word_1_392' title='bbox 1656 4915 1680 4949; x_wconf 60' lang='grc' dir='ltr'>π</span> <span class='ocrx_word' id='word_1_393' title='bbox 1698 4917 1740 4968; x_wconf 81' lang='lat' dir='ltr'><strong>cf.</strong></span> 
     </span>
     <span class='ocr_line' id='line_1_43' title="bbox 445 5005 714 5071; baseline 0 -14"><span class='ocrx_word' id='word_1_394' title='bbox 445 5005 537 5057; x_wconf 87' lang='lat' dir='ltr'><strong>adnot.</strong></span> <span class='ocrx_word' id='word_1_395' title='bbox 550 5023 577 5071; x_wconf 86' lang='lat' dir='ltr'><strong>p.</strong></span> <span class='ocrx_word' id='word_1_396' title='bbox 590 5005 649 5057; x_wconf 82' lang='lat'><strong>320.</strong></span> <span class='ocrx_word' id='word_1_397' title='bbox 663 5007 681 5059; x_wconf 90' lang='lat' dir='ltr'><strong>i.</strong></span> <span class='ocrx_word' id='word_1_398' title='bbox 694 5007 714 5057; x_wconf 78' lang='lat' dir='ltr'><strong>f.</strong></span> 
     </span>
    </p>
   </div>
   <div class='ocr_carea' id='block_1_12' title="bbox 898 5136 1292 5155">
    <p class='ocr_par' dir='ltr' id='par_1_12' title="bbox 898 5136 1292 5155">
     <span class='ocr_line' id='line_1_44' title="bbox 898 5136 1292 5155; baseline -0.003 -2"><span class='ocrx_word' id='word_1_399' title='bbox 898 5136 1292 5155; x_wconf 62' lang='grc'><strong>*-</strong></span> 
     </span>
    </p>
   </div>
   <div class='ocr_carea' id='block_1_13' title="bbox 0 0 2038 6209">
    <p class='ocr_par' dir='ltr' id='par_1_13' title="bbox 0 0 2038 6209">
     <span class='ocr_line' id='line_1_45' title="bbox 0 0 2038 6209; baseline 0 0"><span class='ocrx_word' id='word_1_400' title='bbox 0 0 2038 6209; x_wconf 95' lang='lat' dir='ltr'><strong> </strong></span> 
     </span>
    </p>
   </div>
  </div>
 </body>
</html>
