4067 6209
388 796 525 846 CLXVII.
545 812 628 847 nvrr.
642 812 756 846 merrus
770 812 799 846 rn
813 811 898 847 erun.
913 812 1059 847 ennrarro
1072 813 1107 846 ne
1122 812 1232 860 scaren.
1245 812 1309 847 exr.
1319 813 1380 846 err.
1393 805 1427 846 2⁷.
1439 811 1497 867 uer.
1511 804 1569 847 tato.
1606 781 1675 852 351

387 985 476 1042 agere
505 984 592 1044 qrram
621 968 662 1026 sic
690 972 871 1043 praepostere
898 967 1025 1032 studium
1056 965 1210 1044 theologiae
1238 967 1383 1026 tractare?
1420 967 1579 1045 namquid
1606 968 1681 1026 indi·

389 1086 480 1144 gnum
508 1070 601 1145 magis
632 1069 772 1128 committi
794 1075 891 1144 potest
913 1086 1000 1145 qnam
1024 1069 1102 1146 quod
1125 1070 1167 1128 sic
1189 1075 1316 1136 temere,
1345 1070 1387 1128 sic
1408 1068 1630 1147 inconsyderate
1654 1076 1682 1127 ct

387 1168 554 1246 petulanter
581 1187 615 1228 ac
648 1169 790 1229 malitiose
823 1168 963 1248 nulloque
996 1189 1063 1229 cum
1096 1169 1202 1229 iudicio
1236 1169 1381 1228 bonorum
1410 1170 1539 1229 virorum
1573 1170 1680 1247 scripta

386 1269 477 1330 semel
500 1278 550 1330 aul
573 1272 679 1330 iterum
706 1277 828 1330 tractata
854 1272 912 1329 iam
934 1270 1059 1330 vidimus
1081 1270 1117 1330 ab
1141 1271 1175 1330 iis
1198 1272 1247 1348 qui
1270 1289 1328 1329 non
1351 1289 1453 1330 errore
1475 1272 1600 1338 seducti,
1629 1271 1680 1329 sed

365 1370 477 1431 blirorc
500 1379 528 1430 et
551 1371 657 1432 malitia
680 1372 797 1432 adducti
822 1390 855 1432 ea
878 1372 1090 1450 damnarernnt
1112 1390 1191 1450 quae,
1219 1373 1243 1431 si
1267 1373 1473 1432 conscientiam
1497 1372 1679 1432 uniuscuins·
1766 1359 1771 1367 ’

387 1492 444 1550 quc
473 1472 618 1549 appelles,
649 1475 743 1551 primo
772 1474 909 1534 adserent
936 1491 971 1532 ac
993 1471 1161 1550 probabunt
1183 1472 1267 1533 loco?
1301 1474 1337 1533 Et
1359 1472 1398 1533 illi
1421 1474 1538 1552 quidem
1561 1480 1735 1532 strenueta.

386 1581 484 1633 actnnr
506 1574 543 1633 ab
565 1593 597 1634 se
620 1576 709 1634 videri
732 1571 898 1644 vomerum,
928 1593 995 1634 cum
1018 1576 1047 1633 in
1070 1574 1200 1634 savorem
1222 1574 1346 1634 Romani
1369 1576 1514 1652 pontificis
1541 1581 1590 1634 aut
1619 1576 1699 1634 eins¹

386 1675 435 1734 laic
464 1673 628 1751 legatorum
657 1677 779 1752 gratiam
810 1676 908 1736 indicii
937 1678 982 1736 sui
1010 1675 1128 1736 aculeos
1151 1683 1290 1736 exercent
1311 1678 1340 1736 in
1364 1677 1485 1754 eosqui
1509 1674 1681 1751 evangdiee

387 1778 516 1835 veritatis
542 1779 708 1836 testimonio
738 1778 796 1837 nixi
825 1778 1062 1854 superstitionem
1092 1779 1186 1836 conati
1215 1784 1312 1837 essent
1339 1796 1355 1836 a
1384 1776 1511 1837 bdelium
1535 1776 1682 1837 mentibus

353 1892 377 1931 ro
388 1875 513 1935 avellere
542 1885 570 1937 et
598 1885 773 1956 praetentum
801 1896 878 1940 verae
906 1877 1038 1955 religioni
1068 1877 1167 1938 sucum
1191 1877 1303 1938 tollere.
1351 1885 1453 1938 contra
1475 1879 1590 1957 iniquos
1612 1897 1681 1937 vero

387 1980 565 2046 cortisanos,
600 1978 758 2039 sceleratos
787 1980 969 2040 Sinroniaoos
998 1997 1033 2038 ac
1059 1980 1212 2057 improbos
1242 1979 1487 2058 indulgentiarum
1515 1980 1682 2038 venditores

387 2081 436 2157 qui
467 2079 511 2138 vel
539 2079 655 2157 publice
683 2081 873 2141 concionatus
900 2082 938 2140 sit
966 2080 1009 2140 rel
1037 2080 1116 2140 domi
1143 2081 1286 2158 scriptum
1314 2080 1422 2159 aliquid
1452 2081 1531 2141 foras
1554 2082 1683 2141 emiserit

386 2180 431 2239 vel
454 2182 483 2238 in
506 2189 608 2241 senatu
630 2181 723 2241 libere
746 2182 940 2249 consuluerit,
964 2201 999 2242 ea
1015 2182 1073 2242 boc
1089 2180 1295 2259 theologorum
1311 2201 1420 2260 genere
1434 2184 1569 2243 inventus
1584 2183 1680 2244 adbuc

386 2299 473 2340 nemo
497 2288 548 2341 est.
594 2283 680 2360 Atqui
702 2283 856 2343 adeersum
879 2282 1130 2361 pestilentissimae
1159 2283 1326 2360 complures
1354 2284 1561 2344 nonnullorum
1584 2286 1736 2362 ponti-§.n

351 2383 476 2445 latreum
497 2382 608 2452 ludlas,
632 2391 734 2444 contra
757 2386 942 2445 exactionum
966 2385 1013 2445 lric
1036 2393 1065 2445 et
1087 2384 1322 2462 dispoliationunr
1337 2402 1445 2463 genera
1461 2385 1547 2464 plane
1562 2387 1681 2455 inlinita,

386 2492 488 2543 eontra
518 2491 568 2544 aut
597 2486 666 2544 istas
688 2486 789 2546 Romae
815 2485 1049 2547 sacerdotiorum
1077 2485 1301 2546 nundinationes
1328 2492 1378 2546 aut
1406 2486 1606 2547 detestabilem
1635 2488 1682 2547 bic

386 2587 473 2645 etiam
501 2586 689 2646 ecclesiastici
717 2588 828 2648 ordinis
856 2588 1002 2649 luxuriam
1033 2586 1188 2647 consulere
1216 2593 1245 2646 et
1266 2589 1428 2649 deeemere
1450 2589 1605 2665 oportebat
1626 2589 1683 2648 boc

386 2695 536 2765 tempore;
569 2706 627 2747 non
651 2689 742 2766 siquis
764 2690 873 2767 optima
896 2699 1087 2777 promoveret
1116 2688 1211 2750 studia
1239 2696 1268 2748 et
1294 2690 1532 2750 reviviscentibus
1560 2690 1682 2750 admini-

386 2788 484 2849 culum
509 2788 600 2850 lerret
622 2788 728 2860 literis,
752 2791 781 2849 in
804 2809 872 2851 eum
895 2791 1089 2869 inquisitionis
1111 2791 1274 2850 istiusmodi
1297 2790 1503 2851 authoritatem
1527 2791 1681 2852 obvertere

349 2898 416 2950 acet
438 2890 585 2950 barreseus
608 2892 746 2952 continuo
769 2891 917 2969 piaculum
940 2893 1094 2969 imputare.
1133 2893 1217 2964 Quod
1241 2893 1474 2962 incessantem,
1499 2913 1535 2953 ne
1558 2893 1602 2981 rel
1624 2894 1750 2955 boceto.

387 2994 506 3052 numine
533 2994 654 3070 incipiat
680 2991 756 3052 male
784 2994 885 3054 audire
907 2993 971 3054 baec
993 2995 1087 3053 natio:
1122 2994 1236 3053 namsi
1258 2994 1427 3070 pudendum
1451 3003 1495 3054 est
1517 2998 1577 3055 reri
1600 2997 1681 3073 igno·

387 3094 480 3152 rantia
503 3092 575 3161 labi,
607 3112 694 3174 qnam
723 3114 783 3154 non
813 3097 949 3156 convenit
976 3115 1012 3154 eo
1041 3096 1158 3170 cognito
1189 3092 1267 3154 ultro
1295 3094 1398 3154 salsum
1422 3096 1586 3173 adsereret
1611 3098 1682 3175 quin

387 3196 483 3272 potius
511 3195 674 3255 Christiana
706 3197 784 3257 iuvet
810 3198 951 3257 modestia
981 3199 1009 3256 in
1038 3197 1168 3257 docenda
1198 3196 1319 3255 veritate
1347 3197 1404 3263 uti,
1437 3214 1496 3254 non
1526 3198 1626 3257 lurore
1655 3204 1684 3256 et

387 3298 512 3356 amentia
541 3297 571 3356 in
599 3298 762 3374 adlligenda
790 3300 926 3377 aequitate
955 3299 1041 3358 ferri:
1079 3297 1181 3357 frivola
1210 3303 1279 3357 snnt
1308 3305 1336 3356 et
1363 3315 1429 3356 mox
1460 3299 1589 3375 peritura
1617 3317 1682 3378 uara>

341 3399 496 3459 ‘asalonant
519 3401 537 3458 ii
561 3398 667 3477 quibus
688 3406 769 3459 tanto
793 3419 859 3460 cum
881 3400 994 3460 scelere
1017 3401 1067 3478 qui
1089 3398 1260 3467 adulantur,
1290 3405 1398 3459 aeterna
1421 3418 1452 3459 sc
1475 3409 1503 3459 et
1531 3400 1680 3475 incompa-

388 3499 472 3559 rabili
494 3501 630 3560 lrandant
652 3503 898 3561 remuneratione.
936 3503 1082 3562 Praeterea
1105 3500 1186 3561 brevi
1208 3502 1378 3561 duraturam
1400 3501 1476 3560 banc
1498 3499 1616 3560 illorum
1637 3508 1749 3579 tra-cn.

387 3602 539 3661 rannidem
562 3596 647 3662 uideo
669 3609 714 3672 et,
744 3604 799 3663 nisi
821 3605 919 3664 omnia
942 3622 989 3664 me
1012 3602 1126 3670 fallant,
1157 3602 1312 3680 paulopost
1333 3602 1463 3663 ablatum
1484 3603 1518 3662 iri
1540 3602 1681 3679 praedico:

387 3705 479 3780 posita
503 3706 625 3764 ostiam
648 3705 740 3772 enim,
764 3706 872 3782 posita,
896 3725 913 3764 o
937 3704 1067 3772 Christe,
1092 3704 1127 3764 ad
1146 3704 1275 3763 radicem
1289 3703 1430 3765 arborum
1445 3705 1557 3764 securis
1572 3710 1632 3773 est,
1655 3712 1684 3762 et

388 3805 559 3864 excindetur
575 3807 669 3866 omnis
684 3805 775 3865 arbor
790 3794 855 3884 qnae
877 3824 936 3865 non
959 3805 1027 3866 lacit
1048 3807 1177 3866 lrnctnm
1198 3804 1325 3873 bonum,
1348 3823 1383 3864 ae
1405 3805 1579 3883 purgabitur
1601 3808 1682 3865 vinea

351 3906 507 3965 sociamini.
551 3907 614 3966 Hoc
637 3907 724 3967 iubeo
747 3926 805 3967 non
828 3925 948 3985 sperare
971 3909 1028 3968 iam
1057 3928 1121 3974 ros,
1151 3907 1202 3967 sed
1225 3915 1359 3985 spectare
1382 3926 1450 3967 mox
1472 3907 1589 3968 iubebo.
1635 3908 1750 3971 ln-§.rc

388 4010 475 4067 terim
496 4009 647 4078 confidite,
670 4009 724 4069 riri
739 4010 893 4079 Germani,
917 4029 951 4069 ao
966 4016 1069 4070 mutuo
1085 4027 1136 4068 ros
1151 4010 1290 4070 excitate:
1319 4028 1375 4069 nec
1397 4010 1546 4087 imperitos
1568 4008 1683 4069 habetis

387 4127 444 4169 nec
473 4109 633 4170 imbecilles
660 4110 696 4170 ad
725 4112 927 4172 vindicandam
955 4101 1121 4171 libertalem
1149 4112 1255 4172 duces:
1293 4118 1406 4171 tantum
1435 4112 1526 4172 fortes
1553 4111 1683 4190 praebete

388 4230 440 4269 vos
462 4219 491 4270 et
512 4213 741 4289 imperterritos,
771 4232 826 4273 nec
852 4215 882 4272 in
911 4213 1015 4285 mediis
1044 4214 1118 4274 adeo
1144 4213 1352 4289 congressibus
1373 4213 1567 4291 procumbite.
1613 4214 1751 4273 Parcae.

388 4314 586 4390 rumpendum
616 4320 659 4373 est
687 4316 780 4383 enim,
811 4315 1065 4393 perrumpendum
1095 4316 1227 4384 tandem,
1263 4318 1424 4393 praesertim
1455 4317 1500 4376 ba
1532 4335 1598 4376 curn
1627 4317 1684 4373 sint

354 4416 482 4484 ascires,
507 4415 569 4475 baec
592 4417 783 4503 conscientia,
807 4417 880 4477 tales
903 4419 1087 4486 occasiones
1112 4425 1190 4477 tanta
1214 4437 1324 4479 caussae
1347 4420 1483 4496 aequitas,
1506 4424 1535 4476 et
1558 4435 1624 4476 cum
1647 4415 1682 4474 ad

455 4598 713 4653 ²iucensid.2...4.
766 4601 1005 4667 'quum2...4.at
1024 4602 1091 4667 aliq.
1145 4602 1166 4634 ¹⁷
1185 4600 1364 4653 ecelilial'tici
1378 4604 1412 4652 A.
1466 4600 1487 4633 ¹⁰
1505 4600 1608 4650 litteris
1621 4603 1681 4650 2.3.

390 4692 495 4735 auctor.
509 4689 584 4735 2...4.
636 4685 659 4718 ²⁸
676 4686 840 4752 positum]
860 4689 967 4753 Evang.
981 4703 1039 4736 ccc.
1052 4685 1151 4735 Matth.
1166 4684 1265 4735 111.10.
1279 4702 1335 4736 sec.
1349 4689 1417 4736 Luc.
1431 4687 1482 4735 111.
1495 4685 1520 4735 n.
1567 4684 1619 4717 ²⁸³⁹
1638 4703 1682 4735 ex·

388 4773 566 4822 aeind.2...d.
629 4771 652 4804 ³⁰
670 4773 827 4822 iubeo-M.
889 4771 910 4803 ³¹
930 4772 1148 4837 imperitas-M.
1216 4767 1682 4835 ³³·”Perrumpest1ci.Hntteni

387 4859 590 4921 responsoriam
610 4856 729 4922 elegiam
749 4858 784 4907 ad
797 4857 865 4907 Eeb.
879 4858 977 4918 Hessi,
996 4861 1027 4905 ut
1045 4856 1175 4906 veritatis
1194 4870 1321 4904 caussam
1338 4860 1534 4919 prosequatur,
1555 4856 1573 4905 i.
1587 4857 1621 4905 f.:

608 4943 719 5006 „Atque
744 4943 784 4991 ita
806 4956 989 5008 perrumpant.
1008 4955 1182 5005 perrumpant
1201 4940 1328 5003 antipae
1348 4939 1457 5003 peribo,

608 5027 677 5076 Haec
695 5032 841 5091 postquam
859 5026 945 5076 semel
965 5031 1008 5075 est
1026 5024 1090 5074 alca
1108 5025 1186 5073 iacto
1204 5023 1298 5072 mtni‘t

457 5109 480 5142 ³⁵
498 5114 629 5162 caueret.
