4067 6209
540 785 618 836 LHI.
638 799 843 835 unctuosum
857 800 893 835 so
906 800 1058 836 uvarum
1071 801 1114 835 ιι».
1128 801 1154 836 n.
1168 791 1201 835 ²⁶.
1215 802 1273 838 ινα.
1288 794 1348 836 ¹5¹7.
1520 772 1590 845 137

301 975 317 1016 o
333 957 577 1034 persequentibus
598 962 676 1015 tatus
694 956 811 1029 suisset.
857 956 911 1015 sed
931 956 1019 1028 deus,
1042 959 1096 1032 aui
1112 961 1221 1033 procat
1235 958 1323 1019 dubio
1337 960 1518 1035 inpartibus
1530 960 1593 1033 suit

301 1064 448 1135 uirumque
468 1062 649 1119 innocentem
671 1076 711 1118 ea
732 1074 784 1118 ore
805 1058 936 1118 Leonmn
963 1066 992 1119 et
1014 1062 1186 1121 Draconum
1208 1064 1334 1136 eripuit,
1367 1064 1418 1122 itte
1443 1064 1501 1122 sibi
1522 1065 1591 1122 oin-

229 1241 230 1244 *
301 1163 404 1222 metam
426 1163 602 1230 reservavit,
625 1178 714 1235 paam
735 1177 789 1220 suo
813 1165 944 1236 tempore
964 1165 1090 1234 prorius
1107 1162 1295 1235 [criminaret.
1331 1163 1397 1224 ideo
1418 1168 1506 1225 etiam
1527 1166 1591 1224 sine
1653 1194 1658 1218 ι

301 1264 568 1324 Reucbiinistorum
593 1264 723 1323 vindicta
744 1264 830 1338 impii
847 1263 995 1337 peribunt.
1035 1265 1107 1324 bene
1130 1268 1221 1340 ipitar
1242 1284 1401 1341 speremus.
1445 1267 1591 1327 Erasmus
1601 1270 1645 1320 Μ·

286 1368 469 1441 ⁵Antrerpib²
490 1371 551 1434 est,·
583 1366 679 1425 edidit
699 1368 759 1423 iam
781 1368 992 1424 commentaria
1013 1384 1105 1441 super
1123 1367 1214 1426 Paaii
1224 1371 1384 1445 epistolas,
1416 1387 1484 1443 qaae
1510 1387 1591 1430 nunc

302 1469 430 1529 Rosileoe
451 1470 681 1543 imprimuntur:
704 1468 831 1527 donatus
851 1474 894 1527 est
915 1484 935 1526 a
958 1467 1066 1528 Carolo
1086 1485 1158 1542 repe
1174 1473 1289 1544 pinpai,
1311 1477 1344 1529 ut
1363 1477 1476 1542 vocant,
1499 1472 1591 1531 bene-

298 1575 370 1645 ficio.
412 1586 522 1645 mopno
547 1573 646 1629 animo
666 1586 843 1629 susurrones
864 1572 941 1643 ilios,
964 1572 1017 1644 pai
1038 1571 1166 1645 quotidie
1185 1574 1215 1631 ei
1233 1574 1400 1644 minantur,
1427 1576 1591 1646 contemnit,

300 1677 381 1734 immo
400 1673 527 1734 deridet.
570 1673 655 1732 baad
673 1673 765 1731 credo
792 1672 949 1732 nebulones
977 1673 1095 1747 aliquid
1118 1672 1223 1734 contra
1249 1677 1331 1733 itiam
1358 1692 1501 1735 ausuros:
1531 1679 1591 1734 iam

299 1781 372 1837 enim
398 1778 569 1836 temeritatis
588 1791 651 1834 suae
671 1791 793 1849 poenam
814 1775 939 1847 dedere,
961 1785 989 1834 et
1010 1777 1061 1834 iile
1079 1779 1215 1836 aculeum
1234 1777 1329 1837 babet.
1370 1777 1512 1836 Salutabo
1531 1778 1589 1836 bo-

273 1883 419 1950 ¹⁰minem,
444 1885 477 1937 ut
499 1880 620 1948 iussisti,
648 1878 744 1936 verbis
769 1879 835 1935 tuis.
886 1876 1044 1952 Tyrannus
1066 1879 1115 1936 iiie
1135 1894 1195 1937 non
1215 1882 1308 1938 sotum
1325 1887 1419 1954 pacta
1440 1897 1499 1940 noa
1522 1884 1649 1939 ser-§.⁵-

299 1989 358 2054 rot,
390 1997 492 2041 ueram
513 1987 618 2040 contro
635 1980 850 2054 Imperatorem
873 1995 987 2053 qaoque
1006 1982 1202 2054 pertinaciter
1222 1984 1301 2055 opit:
1323 1998 1378 2042 nec
1398 1984 1530 2047 iniurias
1549 1985 1591 2042 ita

298 2087 372 2144 enim
390 2086 509 2157 pratias
532 2081 653 2154 referre
678 2085 771 2141 soient
797 2081 936 2156 improbi,
965 2098 1031 2140 cum
1058 2090 1163 2142 contra
1185 2085 1325 2143 iustitiam
1354 2087 1442 2143 tutati
1462 2084 1590 2157 suerint.
1615 2074 1620 2084 ’

298 2203 353 2245 non
376 2188 457 2261 quod
479 2185 594 2244 Caesari
612 2186 686 2243 talia
702 2184 839 2243 obiiciom
869 2181 948 2261 (nam
969 2186 1096 2259 optimus
1116 2193 1160 2244 est
1177 2188 1334 2261 princeps,
1358 2202 1459 2245 aerum
1478 2193 1589 2245 notura

297 2306 350 2347 sua
364 2289 403 2347 ab
417 2288 557 2363 improbis
568 2285 639 2360 frui
652 2303 711 2370 noa
723 2284 925 2363 permittitur),
943 2288 1056 2360 eripuit
1074 2285 1232 2362 ibronnas
1248 2290 1319 2360 iile,
1334 2295 1367 2346 at
1383 2291 1466 2359 nosti,
1489 2305 1590 2347 arcam

270 2391 451 2466 “quandam
468 2390 580 2449 Ericbo
600 2391 700 2448 comiti
719 2390 757 2448 de
769 2388 955 2463 Leyainpen,
978 2388 1178 2463 Hortenberp,
1198 2392 1226 2448 si
1245 2391 1317 2450 bene
1330 2392 1456 2460 memini,
1480 2393 1590 2464 appet—

297 2496 386 2552 iatur.
430 2495 514 2551 iilam
536 2495 597 2552 iarn
618 2493 783 2551 Francisco
802 2491 840 2549 de
861 2490 1024 2563 Sicbinpen
1047 2492 1187 2563 tradidit,
1210 2500 1243 2551 ut
1263 2494 1340 2566 illac,
1355 2492 1507 2566 resupnum
1529 2492 1590 2550 ba-

297 2596 371 2655 beat.
415 2595 563 2654 audivisti
578 2601 729 2669 proetereo
750 2609 807 2667 quo
826 2602 915 2667 pacto
933 2577 1039 2652 arcem
1061 2603 1090 2652 et
1107 2596 1228 2667 pradia
1252 2595 1367 2655 Comitis
1389 2596 1427 2652 de
1449 2594 1646 2667 Helffen-t.o.

297 2700 371 2757 stein
386 2699 456 2771 ipne
469 2698 644 2764 vastaverit·
663 2713 743 2754 nunc
759 2703 842 2765 aero,
863 2702 896 2752 ut
910 2697 1007 2767 aiunt,
1030 2698 1135 2755 mattos
1150 2694 1283 2766 Bouaris
1298 2698 1499 2757 incendiarios
1517 2697 1591 2755 sab-

279 2802 384 2879 'misit
425 2801 495 2874 pain
516 2798 687 2874 ZeysoIsum
710 2797 747 2856 de
762 2795 946 2870 Rosenberp,
967 2796 1112 2857 Ludovici
1133 2798 1171 2857 de
1184 2798 1294 2858 Hutten
1312 2806 1483 2874 copadium,
1507 2815 1591 2873 quem
1663 2794 1667 2802 ⁴

267 2904 405 2978 ²⁰procui
426 2902 513 2960 dubio
534 2904 621 2973 nosti,
642 2899 794 2973 submissis
811 2898 986 2973 quibusdam
1008 2900 1149 2975 improbis
1170 2917 1279 2973 mapno
1301 2902 1410 2961 damno
1432 2901 1535 2975 affecit
1554 2917 1592 2978 ac

296 3005 416 3080 praedio
435 3004 534 3077 ferme
557 3005 656 3062 omnia
683 3003 777 3077 rpsim
803 3001 940 3060 incendio
966 3004 1078 3059 euertit.
1121 3001 1233 3061 Scribis
1261 3009 1287 3061 te
1315 3019 1374 3061 nom
1393 3010 1482 3063 extra
1498 3006 1647 3078 peri-§.u

297 3111 396 3167 cuium
417 3124 496 3166 csse:
523 3111 552 3164 ct
571 3110 651 3164 recte
673 3103 809 3177 quidem:
837 3104 916 3161 nouit
936 3104 1014 3160 enim
1037 3105 1085 3162 ille
1109 3091 1309 3163 teorationes
1331 3105 1539 3163 acerbissimas
1559 3107 1591 3163 in

297 3226 363 3268 eum
392 3210 619 3283 conscripsisse·
650 3222 705 3264 nec
726 3205 838 3263 dubites
856 3204 975 3277 [ratres
996 3206 1062 3263 ilios
1090 3208 1142 3279 qui
1166 3213 1193 3264 te
1217 3212 1366 3265 auctorem
1395 3205 1591 3265 obscurorum

298 3329 359 3370 esse
379 3312 548 3379 clamitant,
581 3311 663 3367 illum
684 3313 789 3366 eontra
814 3312 841 3365 te
859 3308 1018 3380 instipare:
1051 3309 1119 3365 noui
1143 3310 1220 3366 enim
1247 3309 1321 3382 quid
1344 3308 1493 3367 scribant:
1521 3323 1591 3366 nom

267 3415 357 3487 2⁵ipsi
376 3415 490 3471 scelera
511 3427 567 3469 sua
589 3410 739 3468 ocoelrare
760 3415 916 3481 nequeunt.
960 3408 1038 3467 Cave
1064 3410 1171 3482 ipitur,
1202 3427 1239 3469 ne
1264 3427 1366 3469 eoram
1392 3412 1513 3469 consitio
1539 3410 1592 3468 tibi

298 3532 411 3589 quoque
429 3529 634 3588 percussorem
656 3511 816 3580 submittat,
839 3510 919 3583 qaod
940 3510 1013 3569 deus
1035 3517 1158 3569 avertat.
1197 3512 1377 3571 Piscatorem
1399 3513 1645 3585 impressori-§.s

299 3616 350 3675 bas
371 3617 488 3676 tradidi
493 3637 503 3682 ,·
536 3631 603 3673 cum
625 3616 785 3687 impressus
805 3610 915 3683 facerit,
949 3613 993 3670 ad
1014 3629 1062 3671 uos
1089 3613 1149 3671 ibit.
1192 3614 1318 3686 ridebis,
1349 3615 1380 3671 iu
1405 3612 1591 3687 prefatione

298 3716 450 3792 Sopbistas
468 3717 552 3775 baud
568 3718 687 3791 penitus
705 3731 768 3772 asse
789 3716 943 3787 aeplectos.
989 3714 1185 3789 Copaionem,
1198 3730 1262 3801 ,piro
1283 3717 1381 3773 animo
1402 3718 1433 3773 in
1454 3730 1520 3773 eum
1540 3716 1589 3786 sis,
1599 3733 1648 3785 §.u

298 3824 451 3879 certiorem
473 3820 610 3877 reddam.
642 3816 811 3891 prudenter
832 3818 912 3889 apis,
934 3818 1015 3889 quod
1036 3816 1079 3874 ad
1100 3833 1165 3874 eam
1186 3833 1244 3875 non
1258 3818 1376 3889 scribis,
1399 3834 1438 3876 ne
1453 3833 1520 3876 eum
1540 3819 1591 3875 in-

269 3926 446 3982 ³⁰nocentem
468 3936 505 3979 oc
524 3922 628 3979 molens
648 3921 677 3977 in
696 3920 865 3992 periculum
891 3919 1012 3977 trabas:
1040 3920 1117 3977 nosti
1141 3920 1218 3977 enim
1243 3928 1438 3993 tyrannoram
1466 3919 1590 3977 animos.

298 4023 370 4083 Hac
387 4023 478 4096 suere
500 4039 567 4095 qnare
587 4020 745 4079 scribenda
765 4026 871 4087 crant,·
896 4021 1019 4094 siquid
1039 4022 1139 4092 aliud,
1167 4023 1321 4095 praecipue
1342 4022 1374 4079 ia
1395 4038 1490 4080 caasa
1509 4039 1660 4095 pen-§.ia

279 4123 389 4185 'titium
412 4130 527 4183 tuorum
549 4124 713 4192 emerserit,
745 4121 963 4195 quamprimum
986 4128 1013 4180 te
1040 4126 1194 4183 certiorem
1222 4124 1367 4182 reddam:
1398 4127 1486 4199 cupio
1512 4127 1590 4184 enim

297 4229 359 4298 tibi,
383 4228 548 4300 ubicunque
565 4233 683 4299 potero,
713 4240 775 4281 rem
794 4228 915 4295 pratum
935 4222 1053 4295 [acere.
1100 4226 1173 4285 Vale
1192 4225 1282 4298 setin.
1319 4227 1370 4284 Ea
1394 4226 1592 4300 b'arenberpa

297 4329 419 4389 aaut.
442 4328 537 4400 aanor,
560 4344 639 4386 annno
660 4324 865 4385 maara.
1053 4306 1056 4313 '
1258 4327 1337 4387 auus

263 4429 289 4477 ⁸⁵
1091 4427 1264 4488 Biiibaidus
1288 4429 1520 4489 Birakeimeras.

363 4617 485 4665 ⁸imot.
567 4608 586 4645 ¹¹
607 4610 722 4677 quoque]
743 4612 829 4661 etiam
846 4615 871 4660 2.
882 4615 906 4661 3.
990 4609 1159 4676 15ΕτίοὴοΠ
1177 4614 1280 4663 Emicbo
1349 4612 1485 4662 Hortenb.
1508 4627 1592 4676 prope

294 4704 414 4766 oppidum
434 4701 578 4750 librtsbeirn.
649 4698 668 4729 ¹⁶
686 4697 858 4746 Francischo
877 4700 900 4747 1.
966 4695 987 4728 ¹⁹
1006 4695 1166 4760 cognatum]
1187 4713 1326 4761 generum.
1360 4699 1398 4760 Cf.
1411 4712 1492 4760 supra
1505 4714 1534 4760 p.
1547 4696 1590 4744 47.

293 4785 316 4818 ²⁸
334 4781 775 4849 Piscatorem]LucianidioIopum
788 4782 995 4844 Latinesoctum.
1040 4779 1097 4812 Μ
1118 4770 1408 4844 ffiinsronAEXIIIIs
1439 4778 1591 4830 'mooun

295 4877 370 4936 gent.
385 4867 465 4935 tuom]
490 4872 523 4919 de
534 4869 634 4918 Ioanne
646 4868 760 4916 Hatteno
779 4883 795 4914 a
813 4868 875 4915 duce
891 4864 1022 4914 Wirtemb.
1041 4868 1177 4914 inscidato.

768 5014 1122 5031 *—
