4067 6209
421 762 494 839 334
531 777 612 831 CLV.
626 792 795 830 enormem.
805 791 839 828 ne
851 791 983 829 cumeae.
1015 774 1111 830 CLVI.
1124 791 1298 830 cremorem
1308 791 1459 831 aalma.
1471 788 1634 831 naama.
1645 787 1704 832 itm.

420 950 572 1011 hominum
601 967 687 1008 aures
715 955 802 1026 atque
830 945 907 1007 oculi
934 948 1133 1027 denegentur,
1166 932 1217 1008 sed
1240 947 1463 1010 describendam
1486 949 1617 1011 librariis
1640 952 1721 1011 dedi·

420 1071 495 1112 mus
540 1049 596 1111 Uhi
618 1056 666 1118 tu,
689 1049 767 1109 bone
789 1047 899 1117 lector,
923 1048 993 1108 boni
1016 1047 1151 1123 consule,
1184 1048 1327 1127 nobisque
1349 1053 1379 1110 in
1403 1053 1531 1112 veritatis
1554 1053 1721 1129 patrocinio

421 1154 535 1213 fortiter
557 1152 672 1210 adsiste.

438 1368 572 1404 susannae.
588 1403 592 1411 ,
1002 1332 1135 1408 CLVI.
1490 1363 1522 1403 lt.
1537 1370 1625 1403 naar.
1641 1363 1702 1405 tato.

628 1489 868 1546 GVOLPHANGVS
890 1490 1008 1545 canino
1031 1490 1163 1546 Enlsno
1185 1489 1408 1546 noannoeane
1430 1491 1455 1547 S.
1480 1492 1506 1547 ll.
1729 1510 1741 1547 s

486 1608 607 1681 ‘Scripsi
630 1608 761 1681 proximis
777 1607 894 1669 litteris,
918 1609 1017 1680 opinor
1033 1608 1259 1681 nudiusquartus.
1283 1608 1316 1663 de
1332 1608 1402 1664 libro
1418 1608 1532 1665 Eduardi
1549 1612 1611 1673 Lei,
1638 1629 1720 1686 quern

419 1694 558 1750 Conradus
580 1691 728 1765 bibliopola
750 1692 923 1752 Parisiensis‚
947 1692 1083 1748 l'robenio
1106 1693 1207 1753 allinis,
1231 1709 1282 1747 sno
1305 1691 1360 1749 illie
1382 1702 1491 1767 sumptu
1513 1712 1646 1751 excusum
1668 1697 1721 1752 hue

419 1780 520 1834 attulit.
564 1778 586 1831 si
610 1777 711 1850 pateris
735 1783 764 1830 ut
779 1776 874 1850 Capito
896 1775 1041 1839 consilium
1064 1776 1110 1832 det
1126 1776 1249 1838 Erasmo,
1274 1777 1325 1832 hoe
1346 1785 1388 1832 cst
1411 1776 1461 1832 Sus
1478 1779 1621 1841 lliuervae,
1647 1798 1719 1853 prae·

420 1864 522 1919 stiterit
544 1879 601 1917 rem
625 1869 708 1915 totam
730 1869 761 1915 ut
784 1861 862 1915 inane
884 1859 977 1931 lulgnr
1003 1879 1036 1915 eu
1065 1862 1150 1923 vitro,
1182 1861 1259 1934 quod
1282 1862 1370 1923 aiunt,
1399 1861 1539 1935 negligere
1570 1864 1720 1938 ridereque

420 1964 524 2003 secure.
569 1962 624 2001 non
647 1953 689 2000 est
711 1945 782 1999 enim
805 1944 877 2018 quod
901 1953 1018 2006 rnctnas,
1043 1962 1076 2000 ne
1099 1944 1168 2000 liber
1191 1953 1244 2000 tarn
1267 1944 1401 2008 insulsus,
1425 1963 1459 2002 ne
1473 1947 1559 2004 dicam
1576 1947 1716 2009 rabiosus,
1730 1965 1754 2005 ro

420 2032 491 2105 apud
514 2047 609 2104 graves
632 2037 660 2084 ct
682 2029 803 2083 eruditos
827 2029 899 2084 viros
922 2038 1018 2084 noceat
1042 2030 1234 2085 existimationi
1259 2037 1321 2084 tuae.
1366 2047 1457 2085 verum
1481 2032 1532 2087 hoc
1554 2031 1641 2087 ambit
1657 2032 1719 2105 glo·

421 2115 554 2176 riosulus,
578 2123 609 2169 ut
632 2121 720 2168 tecum
743 2113 865 2167 videatur
889 2113 972 2168 luisse
1000 2131 1175 2186 congressus.
1219 2114 1242 2167 si
1273 2122 1298 2169 te
1328 2115 1417 2188 ipsum
1445 2116 1511 2169 satis
1540 2118 1632 2177 nosti,
1662 2134 1720 2172 non

419 2199 576 2272 dignaberis
599 2197 676 2252 illurn
698 2198 750 2252 hoe
771 2196 885 2252 honore.
930 2196 1013 2252 Nemo
1037 2214 1091 2253 non
1115 2198 1245 2272 perspicit
1267 2198 1352 2254 Leum
1381 2199 1413 2253 ad
1443 2206 1544 2255 tantam
1572 2200 1720 2274 impuden-

421 2284 484 2340 tiam
498 2282 692 2345 ¹eutimulatum
715 2282 833 2337 nominis
855 2292 883 2336 et
905 2283 982 2336 laniae
1004 2281 1155 2337 desiderio:
1180 2290 1324 2356 postquam
1348 2290 1510 2356 extorquere
1533 2300 1589 2339 non
1613 2287 1718 2358 potuit

420 2377 451 2424 ut
474 2378 502 2424 et
531 2367 572 2422 sui
600 2365 729 2422 memoria
758 2373 862 2420 extaret
890 2365 917 2419 in
945 2366 1167 2421 annotationibus
1196 2367 1264 2429 tuis,
1297 2367 1410 2422 tentavit
1438 2367 1479 2422 vel
1508 2385 1559 2423 suo
1588 2369 1717 2441 periculo
1729 2388 1752 2426 15

420 2452 558 2508 noscitari.
603 2450 679 2505 dolet
702 2450 812 2522 ingenio
835 2449 1004 2522 gloriosulo.
1028 2451 1100 2523 quod
1124 2451 1251 2523 quiequid
1275 2449 1357 2506 halles
1380 2451 1557 2513 eruditionis,
1582 2452 1636 2525 ipsi
1659 2470 1716 2508 nou

420 2537 515 2592 tuleris
538 2543 691 2608 acceptum:
716 2534 812 2588 lainam
835 2534 904 2588 sitiit
926 2532 1062 2593 misellus.
1087 2543 1114 2588 ot
1130 2534 1239 2590 babebit
1262 2536 1334 2607 quod
1358 2536 1440 2597 sitiit,
1464 2536 1606 2608 usquead
1631 2538 1717 2591 satie·

420 2627 515 2676 tatem:
549 2636 609 2674 narn
638 2618 779 2673 reddemus
802 2616 878 2672 illurn
901 2616 1146 2673 ctiam.Erostrato
1169 2618 1345 2680 nobiliorem,
1381 2620 1469 2693 siquid
1498 2627 1632 2693 poterunt
1657 2621 1715 2676 stili

419 2703 577 2759 Germaniae.
621 2701 684 2755 Mihi
700 2701 843 2771 blanditur
865 2702 945 2757 etiam
968 2701 1168 2757 laudatiuncnla
1191 2703 1293 2758 lucata:
1317 2704 1384 2759 adeo
1406 2720 1456 2759 uos
1473 2704 1572 2759 iudicat
1588 2704 1714 2766 hebetes,

420 2796 527 2844 utnon
550 2787 696 2842 odoremur
719 2785 788 2840 tales
810 2786 935 2841 technas:
959 2786 1056 2841 habeat
1079 2786 1129 2842 sihi
1153 2803 1215 2841 suas
1238 2785 1346 2849 laudcs;
1369 2805 1448 2844 nemo
1471 2786 1623 2844 Germanus
1641 2789 1750 2847 feretro

420 2871 499 2927 talem
522 2887 688 2945 praeconem,
718 2887 732 2923 a
761 2886 815 2942 quo
842 2870 945 2925 laudari
974 2871 1080 2943 turpius
1109 2871 1145 2925 sit
1168 2887 1247 2943 quarn
1269 2872 1424 2945 vituperari.
1469 2870 1609 2928 blanditur
1631 2874 1715 2929 etiam

420 2956 538 3011 liutteno
562 2965 589 3009 et
611 2955 741 3028 Capnioni
764 2953 896 3010 stultulus
919 2954 984 3010 iste:
1015 2972 1065 3010 nos
1093 2955 1174 3010 credo
1203 2972 1254 3027 pro
1284 2955 1423 3029 stipitibus
1452 2955 1546 3018 habet,
1575 2973 1631 3013 non
1661 2975 1715 3031 pro

419 3040 588 3095 hominibus:
611 3047 638 3093 at
661 3040 761 3094 sentiet
783 3039 921 3099 homines.
944 3056 1000 3094 non
1023 3040 1138 3111 longos:
1168 3039 1329 3094 tractabitur
1350 3039 1487 3095 cornicula
1519 3048 1549 3095 ut
1577 3050 1713 3102 meretur,

418 3142 468 3180 nec
496 3125 545 3181 hac
572 3140 659 3197 poena
687 3124 788 3178 erimus
816 3124 954 3184 contenti,
983 3132 1014 3179 ut
1043 3122 1082 3177 illi
1106 3123 1211 3196 plumas
1234 3140 1288 3179 non
1313 3141 1375 3179 suas
1402 3124 1583 3180 detrahamus.
1630 3126 1713 3182 audio

418 3208 528 3264 liutteni
551 3208 644 3263 stilum
668 3208 719 3263 iam
750 3224 809 3262 esse
839 3209 866 3262 in
895 3224 992 3279 opere;
1026 3207 1248 3280 Oecolarnpadius
1279 3209 1386 3264 tametsi
1412 3208 1570 3264 mitissimus
1599 3218 1642 3265 est
1672 3211 1746 3267 inea

417 3294 514 3366 genio,
549 3301 637 3347 tanren
660 3291 692 3346 ad
716 3292 837 3364 insignes
860 3292 1051 3365 sycophantias
1079 3292 1177 3347 mirum
1206 3310 1286 3365 quam
1315 3292 1502 3356 excanduerit,
1537 3294 1619 3349 homo
1647 3311 1713 3349 vere

417 3377 562 3432 Christiani
585 3375 719 3449 pectoris;
743 3375 856 3430 eximius
878 3375 991 3430 Caesarei
1015 3376 1082 3431 iuris
1104 3376 1247 3449 professor
1265 3376 1360 3432 Zazius
1382 3394 1437 3432 non
1460 3384 1552 3449 potest
1575 3378 1642 3433 satis
1666 3379 1713 3434 ad·

417 3462 509 3517 mirari
532 3462 558 3516 iu
581 3460 690 3516 homine
712 3468 766 3514 tarn
789 3460 898 3515 indocto
922 3467 1027 3515 tantum
1050 3462 1228 3532 arrogantie.
1259 3462 1285 3516 in
1317 3461 1458 3517 sacerdote
1489 3469 1593 3517 tanturn
1616 3462 1713 3517 diabo-

416 3545 460 3602 lici
483 3547 587 3602 veneni.
632 3543 709 3611 Quod
732 3543 774 3598 bis
797 3544 848 3598 iarn
871 3544 1012 3604 admones.
1038 3545 1131 3600 lacianr
1153 3553 1284 3618 qnantum
1300 3554 1413 3619 potero:
1437 3562 1498 3601 nam
1514 3546 1586 3618 quod
1603 3548 1711 3605 suades.

416 3640 447 3687 ut
469 3630 535 3686 nihil
560 3629 670 3685 omnino
693 3629 885 3702 respondeam.
916 3645 971 3683 aron
1001 3646 1112 3701 possum
1136 3630 1269 3703 imperare
1298 3630 1387 3685 auimo
1410 3646 1479 3686 ineo.
1522 3630 1611 3686 Porro
1634 3632 1743 3704 qnodso

416 3716 568 3789 proximum
584 3714 723 3774 concedis,
747 3722 778 3768 ut
799 3713 822 3767 si
845 3713 909 3786 quid
934 3713 1125 3786 respondeam,
1149 3714 1271 3769 modeste
1287 3714 1481 3787 respondeam,
1506 3714 1628 3771 facturus
1649 3733 1710 3771 sum

417 3808 551 3873 quatenus
579 3798 653 3854 illius
681 3797 784 3870 patitur
813 3797 994 3853 immodestia:
1029 3815 1190 3870 quamquam
1219 3797 1264 3853 ille
1292 3800 1378 3871 magis
1404 3806 1467 3871 eget
1495 3800 1600 3855 medico
1628 3817 1709 3872 qnam

416 3885 608 3956 redargutore,
632 3883 655 3937 si
678 3883 744 3937 satis
767 3899 798 3936 ea
822 3881 894 3937 illius
917 3880 1026 3954 scriptis
1051 3882 1187 3953 ingenium
1210 3881 1320 3954 colligo.
1365 3881 1444 3938 Certe
1472 3884 1548 3955 genti
1570 3893 1708 3957 parcetur,

416 3976 447 4023 ut
470 3968 561 4023 iubes:
585 3976 612 4022 et
634 3984 741 4039 aequnrn
764 3965 853 4021 iubes:
883 3966 949 4020 nihil
972 3966 1044 4019 enirn
1067 3964 1111 4020 illa
1134 3968 1306 4028 commeruit,
1336 3983 1391 4022 non
1421 3968 1505 4039 magis
1535 3984 1616 4041 mam
1646 3968 1710 4023 hor·

417 4052 505 4113 tulus,
530 4053 556 4106 in
579 4069 634 4124 qno
657 4050 814 4106 suboriatur
835 4050 985 4111 aconitum,
1009 4049 1076 4105 alias
1099 4050 1263 4123 optimorum
1287 4050 1411 4106 holerum
1435 4052 1517 4107 ferax.
1559 4052 1612 4107 lam
1636 4069 1742 4110 nnncca

416 4135 448 4191 ad
478 4144 504 4190 te
531 4136 665 4189 nrisissenr
692 4135 784 4207 operis
812 4135 864 4189 mei
894 4141 1019 4205 gustum,
1049 4134 1071 4188 si
1101 4142 1194 4190 certus
1221 4135 1320 4209 aliquis
1349 4135 1503 4207 obtigisset.
1547 4152 1602 4191 non
1632 4136 1709 4192 edam

417 4228 506 4276 tamen
529 4219 580 4273 nisi
604 4222 785 4290 recognitum.
810 4225 856 4272 aut
878 4218 1058 4290 approbatum
1080 4237 1095 4273 a
1118 4219 1262 4283 llhcnano,
1286 4237 1319 4275 ne
1341 4221 1405 4275 mihi
1422 4221 1527 4276 novitas
1544 4220 1708 4276 inventionis

416 4306 545 4379 imponat.
590 4303 634 4357 Lei
657 4301 778 4356 libelhnn
801 4302 919 4357 nondum
942 4301 1046 4376 perlegi
1070 4312 1171 4359 toturn:
1201 4303 1266 4360 iilud
1289 4305 1381 4365 video,
1410 4306 1433 4359 si
1462 4305 1593 4360 ademeris
1622 4305 1708 4360 calida

415 4390 534 4447 convicia
557 4395 584 4444 et
607 4387 747 4443 mendaces
771 4385 885 4447 indices,
909 4386 1012 4460 reliqua
1034 4405 1095 4444 esse
1117 4389 1300 4461 frigidissima.
1344 4387 1425 4444 Plura
1447 4390 1600 4463 scripturus
1624 4407 1707 4451 eram,

416 4477 462 4532 sed
486 4473 580 4530 ultirna
603 4472 676 4527 navis
701 4472 751 4527 iam
776 4471 837 4526 hinc
859 4471 915 4526 abit
937 4471 1153 4528 Franelordiarn:
1187 4474 1388 4546 properandum
1417 4480 1490 4529 erat:
1524 4491 1602 4545 agam
1629 4474 1741 4534 anricito

414 4568 507 4634 partes
535 4557 697 4619 fidelissimi,
731 4574 775 4612 res
804 4556 861 4629 ipsa
890 4555 1038 4611 declarabit
1067 4556 1147 4611 brevi.
1187 4556 1259 4611 Vale.
1296 4556 1414 4613 basilee.
1453 4557 1515 4611 xvi.
1539 4556 1593 4612 Cal.
1622 4558 1707 4631 hpril.

416 4647 463 4700 lin.
487 4643 603 4699 liunt.

414 4790 509 4841 CLVI.
541 4774 915 4854 India.bibliogr.n'.5·2,1.e.
988 4786 1174 4837 l=fol.Fd.
1250 4787 1464 4852 2=p.141.sq.
1501 4788 1708 4840 Ernsmicornm

666 4872 845 4937 epistularum
865 4872 1029 4921 collectores
1048 4870 1120 4919 hane
1139 4871 1296 4936 neglexisse
1315 4873 1451 4921 videntur.

479 5007 598 5074 'Conrd
617 5012 707 5062 lleech.
756 5008 912 5059 conrardus
926 5012 950 5056 1.
1014 5004 1081 5071 8et]
1101 5012 1130 5057 vt
1144 5008 1169 5056 1.
1237 5005 1259 5038 ¹⁸
1278 5006 1372 5073 etiam]
1391 5007 1414 5059 δι
1432 5011 1457 5059 2.
1523 5006 1544 5041 ¹⁹
1563 5008 1660 5058 ahetes
1682 5013 1706 5060 1.

412 5090 435 5125 ²⁵
452 5094 509 5143 iam
520 5098 589 5143 oraria.
598 5097 622 5144 1.
691 5094 713 5125 ⁸⁸
732 5095 819 5144 aedam
839 5096 897 5143 1.2.
971 5091 994 5124 ⁴⁰
1010 5091 1225 5142 Frenkfordiem
1243 5094 1268 5141 2.

851 5190 1243 5210 o*
