4067 6209
656 571 677 610 Ι

411 754 485 827 292
534 766 669 816 cxxxn.
690 783 771 816 nvn.
785 783 913 817 surm
928 783 962 816 ns
976 783 1081 816 irrsas
1096 784 1517 819 rnornannmsrroaronouu.
1541 777 1602 819 tsts.

412 944 530 1004 ditatam
554 949 633 1001 tuam
655 957 715 997 non
737 940 912 1016 agnoscam?
944 940 1039 998 sime
1066 957 1119 1016 per
1146 938 1265 1017 capillos
1294 940 1431 1001 traheres
1462 947 1520 1000 aut
1549 941 1670 1019 p'ugnos
1697 938 1719 997 si

414 1045 483 1105 mibi
506 1043 668 1120 indigeres,
698 1039 764 1099 illos
786 1039 909 1099 selibras
931 1048 997 1100 tuos
1018 1059 1053 1099 ac
1081 1058 1246 1118 praegrares
1268 1047 1298 1100 et
1318 1058 1451 1110 crassos,
1484 1040 1628 1102 dolorem
1650 1039 1717 1098 mibi

413 1145 563 1205 dubitares
585 1143 694 1202 incuti?
726 1141 795 1219 quid
819 1142 895 1199 enim
919 1141 1040 1200 interest
1063 1160 1110 1201 mc
1132 1142 1270 1203 verberes
1291 1160 1327 1201 an
1349 1141 1444 1202 libros
1468 1162 1559 1205 meos
1583 1161 1715 1203 corrum-

344 1261 403 1310 pas.
414 1247 482 1324 pas?
509 1246 585 1315 Quin
608 1262 643 1303 ex
667 1242 816 1320 evangelio
839 1243 938 1303 erudis
960 1262 1022 1306 me.
1045 1251 1072 1302 et
1088 1261 1145 1302 una
1160 1242 1342 1303 diverberata
1357 1242 1434 1304 mala
1450 1246 1558 1323 poscis
1573 1244 1714 1306 alteram?

412 1347 462 1406 scd
486 1354 545 1405 tam
567 1344 674 1405 durum
697 1346 869 1421 magistrum
892 1344 1047 1404 auditurus
1067 1362 1126 1403 non
1148 1344 1263 1414 videor,
1286 1352 1315 1404 et
1336 1343 1472 1405 dolorem
1495 1353 1530 1420 pt
1544 1354 1731 1424 temperare⁵

356 1427 359 1434 ’
412 1467 548 1526 possum,
572 1448 610 1505 ita
633 1448 768 1505 iniuriam
791 1444 941 1522 negligere
963 1444 1041 1505 haud
1064 1463 1199 1522 pessum:
1233 1444 1314 1507 dolet
1335 1446 1514 1532 mihi'euim
1530 1447 1615 1527 quod
1633 1448 1713 1514 lacis:

413 1524 672 1626 doletfinquam,
700 1556 788 1625 atquc
817 1565 853 1605 co
881 1547 968 1605 ctiam
995 1548 1105 1624 magis,
1135 1547 1213 1625 qnod
1242 1547 1332 1607 rideri
1362 1546 1500 1628 dolorem
1524 1548 1637 1609 iecisse
1659 1566 1712 1607 nrm

413 1653 455 1710 ris
478 1658 506 1710 et
528 1648 611 1708 illurn
634 1647 793 1726 praetendis
814 1666 921 1725 magno
942 1647 1105 1725 prudentiae
1127 1657 1185 1708 tuae
1207 1656 1379 1726 argumento
1401 1648 1528 1726 periculi
1551 1666 1570 1708 a
1592 1656 1714 1728 tyranno

345 1772 405 1821 cnr.
416 1759 536 1812 metum.
582 1748 708 1810 b'olebas
730 1749 808 1808 enim
831 1750 860 1808 iu
883 1749 1040 1809 discrimen
1062 1749 1168 1809 adduci
1195 1750 1312 1809 affinem
1340 1767 1437 1809 mcum
1466 1748 1662 1828 episcopum,
1688 1756 1714 1808 et

413 1853 520 1933 nequid
544 1871 579 1912 ex
602 1869 669 1910 nreo
691 1849 767 1909 libro
790 1860 867 1910 essct
889 1850 929 1909 illi
957 1851 1151 1914 incommodi.
1180 1852 1208 1909 id
1232 1850 1424 1927 praecavebas.
1473 1850 1540 1910 Non
1565 1849 1744 1928 improbos

413 1956 437 2015 si
460 1955 613 2032 noeagis:
648 1960 676 2010 at
700 1952 845 2030 videque
868 1951 1010 2020 adducas,
1035 1952 1103 2029 qnid
1127 1971 1245 2012 careas:
1273 1950 1383 2012 scilicet
1404 1970 1490 2011 mens
1512 1950 1595 2011 liber
1617 1953 1643 2010 si
1665 1951 1714 2010 lra-

416 2056 520 2117 beatur
543 2056 621 2121 istic,
651 2052 815 2131 periculum
839 2052 920 2112 robis
942 2061 999 2120 est,
1024 2060 1050 2113 et
1075 2053 1153 2131 qnod
1177 2071 1231 2130 ego
1254 2051 1407 2131 delinquo,
1434 2051 1471 2112 ab
1494 2051 1561 2111 aliis
1585 2052 1715 2111 animad-

346 2179 405 2228 css.
416 2158 588 2219 vertendum
612 2157 697 2214 renit.
736 2156 811 2214 esto!
834 2162 863 2213 at
884 2155 949 2213 vide
971 2154 1039 2231 quid
1062 2154 1246 2232 aclscquaris:
1274 2153 1437 2231 pericnlum
1460 2161 1506 2212 est
1526 2152 1581 2213 uhi
1604 2152 1715 2214 scelera

416 2258 680 2337 ll'irtenpergensis
708 2255 863 2334 leguntur,
894 2256 1090 2334 undecunque
1118 2256 1205 2315 missa
1233 2262 1283 2315 aut
1310 2274 1325 2314 a
1352 2272 1531 2333 quocunque
1560 2255 1591 2314 in
1616 2253 1716 2314 literas

414 2360 504 2421 relata
529 2379 561 2419 ea
585 2359 708 2418 inerint:
738 2358 761 2416 si
784 2356 899 2433 publica
923 2357 1188 2416 conlcndcratornm
1205 2373 1291 2415 causa
1313 2357 1515 2433 impugnetur.
1540 2364 1642 2415 metus
1657 2370 1746 2415 nonu

416 2470 476 2530 est,
506 2480 543 2520 ne
566 2479 600 2520 cx
623 2467 668 2518 tot
689 2457 886 2536 principibus,
918 2466 961 2517 tot
982 2476 1082 2518 rernm
1105 2456 1291 2535 publicarum
1312 2454 1490 2525 rectoribus,
1520 2461 1567 2515 tot
1590 2455 1718 2516 sortibus

347 2564 487 2633 §.mviris
517 2559 762 2638 expostulandum
790 2559 847 2619 hoc
874 2558 979 2637 aliquis
1007 2558 1157 2618 nobiscum
1188 2558 1344 2635 suscipiat?
1378 2558 1432 2616 nisi
1459 2574 1518 2616 non
1548 2556 1718 2634 intelligunt

417 2664 566 2729 homines,
596 2662 654 2721 utri
682 2660 775 2720 laceat
803 2662 878 2738 parti
907 2661 972 2739 qui,
1004 2660 1042 2720 ob
1065 2679 1130 2738 quae
1152 2660 1198 2718 isti
1221 2675 1305 2737 poena
1329 2657 1486 2735 infligitur,
1515 2675 1550 2717 ea
1579 2658 1609 2716 iu
1638 2657 1715 2717 lanu

417 2782 482 2822 csse
504 2769 596 2829 cetat:
632 2769 661 2821 et
683 2780 749 2821 cum
772 2761 854 2822 illurn
877 2763 963 2822 irasci
985 2762 1068 2822 cobis
1090 2762 1188 2838 opinio
1216 2762 1268 2829 sit,
1298 2760 1419 2819 crimina
1447 2759 1471 2817 si
1499 2757 1716 2836 pervulgantnr

417 2865 482 2923 istic
509 2881 577 2931 sua,
607 2861 729 2940 periculi
758 2865 885 2941 suspicio
914 2881 973 2922 non
1000 2863 1033 2922 dt
1061 2865 1100 2932 si,
1131 2881 1196 2941 quae
1223 2862 1352 2922 sentiunt
1380 2861 1430 2938 qni
1456 2860 1554 2937 ipsum
1577 2863 1745 2937 puniuntor

350 2985 409 3035 §.oo
420 2964 631 3042 explodantur?
665 2962 759 3023 lictus
781 2964 818 3024 ab
841 2984 876 3025 eo
900 2973 944 3024 est
965 2965 1002 3024 de
1025 2966 1108 3025 ouius
1130 2961 1290 3024 sceleribus
1317 2963 1355 3022 ita
1383 2961 1547 3040 cognitum,
1578 2962 1616 3021 ita
1641 2961 1715 3020 iudi-

419 3074 517 3126 catum
547 3073 603 3133 est,
634 3071 666 3124 ut
695 3067 801 3125 veteris
828 3067 885 3125 iam
914 3068 999 3125 tamn
1028 3065 1136 3143 pudeat
1165 3065 1258 3142 magis
1279 3082 1367 3142 quam
1390 3064 1502 3141 pigeat;
1536 3061 1574 3122 ab
1597 3062 1714 3137 iisnon

419 3168 534 3246 estqui
557 3167 660 3234 armis,
684 3168 710 3226 vi
733 3185 767 3226 ac
790 3167 896 3227 virtute
918 3169 1087 3244 superiores
1109 3185 1175 3226 cunr
1199 3166 1270 3234 sint,
1294 3182 1409 3242 poenam
1432 3182 1550 3225 sumere
1566 3163 1604 3223 de
1625 3161 1715 3223 malc-

419 3268 579 3328 lactoribus
601 3268 822 3345 aggrediuntur.
868 3269 952 3328 times
974 3268 1133 3328 semilraoti
1154 3268 1244 3358 iram,
1274 3265 1537 3326 valentissimorum
1560 3265 1713 3325 bominum

420 3370 588 3448 dignitatem
612 3387 670 3428 nou
693 3369 817 3428 vereris:
851 3388 993 3429 carosne
1016 3369 1121 3428 invidia
1144 3370 1181 3427 sit
1203 3369 1228 3428 ei
1252 3369 1335 3428 ouius
1357 3367 1424 3427 odio
1451 3368 1587 3428 universa
1610 3373 1741 3428 aestnats

420 3471 590 3536 (lerinanim
628 3470 685 3529 hoc
715 3487 774 3528 non
803 3489 901 3539 caves,
933 3471 1040 3549 nequid
1069 3470 1242 3529 invidiosum
1271 3469 1439 3529 admittatur
1467 3470 1498 3529 iu
1525 3488 1577 3529 eos
1606 3470 1657 3547 qui
1687 3469 1743 3528 et'

421 3573 520 3633 colunt
543 3580 572 3631 ct
593 3578 716 3649 possunt
738 3579 767 3631 ει
789 3571 897 3631 debent
920 3570 1020 3631 ulcisci
1042 3572 1193 3639 iniuriam,
1217 3571 1322 3647 punire
1341 3571 1577 3650 improbitatem,
1601 3568 1713 3630 amoliri

351 3674 568 3744 §.nescelerum
590 3673 738 3732 authores.
782 3672 828 3732 'ln
850 3692 881 3733 es
903 3671 951 3732 ille
973 3677 1071 3732 autem
1095 3673 1141 3732 eui
1168 3673 1323 3732 criminosa
1352 3674 1461 3751 scripta
1490 3691 1549 3732 non
1579 3670 1714 3750 placent?

422 3783 539 3836 aternu
563 3773 670 3833 librum
692 3793 780 3853 quem
809 3775 838 3833 in
869 3772 1062 3834 clarissimum
1082 3774 1267 3851 prinoipem,
1296 3774 1486 3834 fortissimum
1515 3775 1623 3835 ducem
1646 3770 1714 3831 wn-

423 3876 552 3937 belmmn
568 3876 714 3936 Bavamnr
737 3877 810 3936 dens
831 3877 886 3935 iste
908 3883 976 3935 tuns
1000 3892 1093 3953 nuper
1116 3875 1268 3944 emiserat,
1297 3895 1351 3936 cur
1373 3894 1476 3954 passus
1504 3894 1536 3935 es
1558 3874 1664 3935 baberi
1685 3874 1742 3932 inm

353 3977 558 4049 §.acrrranibus
580 3977 663 4036 istie?
686 3977 755 4055 qnid
779 3976 853 4037 adeo
876 3977 981 4054 cupide
1003 3976 1097 4054 legisti
1118 3977 1196 4053 ipse,
1220 3984 1249 4036 et
1269 3975 1427 4054 legendnm
1449 3976 1512 4036 aliis
1534 3975 1660 4036 dedisti?
1682 3973 1716 4034 to

422 4077 459 4135 ad
483 4085 565 4137 tunm
587 4078 676 4154 igitur
697 4085 809 4137 metum
832 4079 966 4147 redeam,
990 4077 1154 4155 periculose
1177 4078 1335 4138 ollenditnr
1357 4080 1407 4157 qui
1429 4078 1467 4138 ob
1489 4078 1652 4138 admissum
1668 4077 1714 4136 de·

423 4176 514 4237 decus
536 4178 572 4236 ab
595 4177 696 4236 amicis
719 4179 805 4237 etiarn
828 4185 857 4238 et
878 4180 1052 4258 propinquis
1073 4180 1134 4238 suis
1156 4179 1290 4240 desertus
1310 4186 1368 4248 est;
1396 4198 1464 4240 enm
1480 4179 1631 4239 offendere
1648 4175 1716 4237 nibil

425 4278 516 4338 refert
539 4279 587 4356 qui
610 4284 704 4337 taritas
726 4279 883 4348 arnicitiaS,
907 4287 1015 4340 tantam
1040 4281 1304 4358 propinquitatem,
1327 4281 1507 4346 totalibus,
1530 4287 1574 4340 tot
1597 4280 1717 4341 clientes

356 4406 416 4456 psci,
426 4387 513 4459 atque
536 4380 609 4439 adeo
632 4377 702 4438 illud
726 4381 901 4440 innnensurn
917 4382 1019 4464 'ledus
1041 4383 1090 4460 qui
1112 4389 1179 4459 post
1201 4401 1232 4442 se
1255 4381 1359 4441 trabit?
1387 4382 1435 4442 Sic
1458 4389 1488 4441 tu
1510 4382 1650 4441 invidiam
1665 4394 1747 4459 pos

425 4489 538 4542 tentum
561 4482 655 4559 iugis?
681 4482 723 4540 sio
745 4482 779 4541 iis
801 4481 908 4559 quibus
930 4483 1005 4542 lidus
1029 4502 1074 4550 es,
1099 4482 1246 4542 consulis?
1275 4483 1337 4542 baec
1360 4483 1514 4561 prudentia
1537 4491 1587 4542 tua
1603 4488 1649 4542 cst
1663 4499 1718 4560 qua

426 4602 511 4644 cares
538 4582 684 4660 pericula,
716 4582 867 4642 consilium
899 4603 958 4663 quo
988 4584 1095 4643 avertis
1122 4583 1197 4643 mala
1206 4585 1217 4643 ι
1249 4585 1324 4656 Quin
1348 4583 1418 4643 illud
1440 4584 1521 4644 vides
1543 4602 1632 4661 quarn
1660 4601 1719 4642 uon

331 4691 338 4702 “
425 4685 463 4743 sit
484 4685 541 4744 boe.
563 4684 698 4744 inuidiam
723 4685 839 4762 lugere,
862 4685 914 4745 sed
937 4686 1036 4745 odium
1059 4684 1232 4753 consciliare,
1255 4693 1284 4744 et
1306 4685 1376 4745 dnm
1399 4702 1501 4744 ranam
1524 4686 1588 4745 sine
1610 4684 1720 4745 viribus

495 4902 505 4933 ⁴
525 4901 634 4968 indiqu]
655 4904 753 4953 blnttlr.
768 4902 847 4952 t'.:tn.
863 4904 930 4952 an.
944 4901 1039 4952 l'l.⁸2tl.
1088 4902 1109 4935 ¹⁴
1122 4904 1265 4952 ll'iirtcnb.
1277 4907 1301 4953 2.
1356 4901 1377 4934 ¹⁵
1389 4902 1518 4969 confond]
1535 4908 1647 4968 soederr's
1660 4905 1720 4954 Sne·

427 4989 483 5035 rici.
534 4985 557 5017 ²¹
575 4991 621 5052 qni
641 4989 691 5052 ips.
705 4985 780 5051 pun]
794 4990 972 5051 consciuit-ruti.
1025 4986 1047 5018 ²*
1065 4995 1177 5037 autores
1190 4991 1215 5036 2.
1251 4989 1275 5021 ³⁰
1293 4992 1374 5038 est2.
1428 4988 1450 5019 ³²
1467 4991 1594 5054 periculo
1612 5007 1642 5039 se.
1664 4992 1720 5038 m.

429 5070 572 5134 qni...dcs.
592 5069 644 5136 cst]
663 5073 718 5120 dna*
733 5072 852 5137 l'r'rtcnp.
933 5072 955 5103 ³³
975 5070 1174 5138 cum...trolrit]
1194 5074 1330 5136 liuttesus,
1349 5075 1474 5139 decerpti
1491 5075 1589 5140 dialogi
1605 5083 1706 5126 auctor.
