4067 6209
308 800 429 853 CLXVI.
455 812 860 851 arsrmrrnncar.aarr.sr.
898 796 1032 849 CLXVII.
1057 815 1139 850 nvrr.
1153 812 1309 849 maumam
1324 812 1408 849 esau.
1422 814 1465 849 er.
1529 783 1602 857 349

309 990 412 1035 meros,
433 975 485 1021 iste
505 972 611 1035 estqui
631 971 737 1019 excitat
755 984 887 1018 summum
904 968 1064 1034 pontificem
1084 974 1113 1018 ut
1131 968 1244 1034 vigilet,
1270 970 1324 1018 istc
1348 970 1394 1033 qui
1417 970 1486 1019 nihil
1511 971 1613 1035 docet,-

309 1059 364 1106 nisi
377 1057 448 1122 quod
461 1056 572 1116 didicit3
592 1056 644 1103 iste
659 1059 702 1103 est
715 1055 761 1119 qui
773 1053 842 1102 nihil
857 1051 970 1117 avulgat
988 1054 1043 1102 nisi
1057 1053 1128 1118 quod
1139 1055 1216 1118 prius
1229 1053 1319 1103 milies
1332 1053 1472 1115 olfecerit,
1494 1056 1547 1105 iste
1560 1062 1605 1124 est

311 1144 357 1206 qui
376 1142 502 1198 omnibus
520 1140 669 1189 virtutibus
689 1144 717 1188 et
743 1137 941 1187 transformato
968 1138 996 1186 in
1023 1137 1103 1186 deum
1127 1139 1227 1202 spiritu
1251 1138 1363 1187 accedit
1386 1139 1420 1187 ad
1443 1141 1605 1189 tractandas

310 1241 406 1275 sacras
425 1224 535 1284 literas,
556 1225 610 1273 iste
630 1228 673 1273 est
692 1223 738 1287 qui
757 1238 786 1271 se
806 1222 875 1271 dicit
893 1220 967 1270 velle
985 1222 1081 1287 lugere
1106 1223 1220 1272 fratrem
1244 1223 1442 1284 insanientem,
1470 1226 1524 1273 nisi
1549 1229 1604 1273 tam

286 1323 298 1358 a
310 1311 417 1359 insanis
436 1308 663 1357 annotationibus
682 1307 889 1371 obtemperarit.
926 1307 1055 1355 Demiror
1072 1307 1215 1356 Erasmum
1234 1308 1257 1356 si
1275 1305 1340 1355 huic
1352 1312 1480 1371 portento
1493 1324 1603 1373 respon·

310 1396 390 1445 deut:
410 1410 473 1443 nam
492 1394 520 1441 id
538 1393 616 1442 aiunt
634 1391 711 1440 illurn
730 1391 838 1440 iacere:
864 1406 915 1455 ego
939 1406 993 1440 non
1012 1392 1143 1456 dignarer
1160 1389 1285 1440 rabulam
1303 1390 1354 1439 hoc
1373 1391 1484 1441 honore.
1520 1392 1607 1442 Liber

311 1481 364 1528 lure
383 1478 485 1527 allatus
503 1478 606 1526 nemini
625 1492 678 1525 non
697 1475 854 1540 displicuit,
880 1476 1004 1540 exceptis
1029 1475 1084 1524 illis
1108 1476 1206 1540 quibus
1230 1475 1301 1524 nihil
1324 1474 1400 1524 aliud
1423 1477 1529 1542 placet,
1559 1478 1606 1527 vix

312 1565 397 1612 etiam
416 1562 523 1612 duabus
541 1561 623 1610 lectis
641 1561 761 1625 paginis.
798 1562 887 1610 Deum
907 1560 1099 1621 immortalem,
1120 1576 1180 1625 quae
1199 1563 1324 1624 vanitas,
1346 1577 1405 1626 quae
1425 1562 1603 1626 impudentia,

312 1664 372 1711 quae
396 1646 560 1703 virulentia,
587 1661 648 1709 quae
672 1645 795 1706 technae,
822 1645 868 1708 qni
892 1644 963 1693 fuci!
993 1643 1066 1693 Illud
1089 1645 1242 1710 indignius,
1272 1646 1343 1709 quod
1367 1647 1498 1710 quiequid
1520 1646 1607 1695 habet

277 1743 303 1783 tu
313 1732 437 1791 furcifer,
458 1736 599 1779 mutuatur
618 1745 632 1778 e
652 1728 730 1778 libris
747 1729 871 1777 Erasini:
892 1728 927 1777 ab
947 1728 995 1778 illo
1013 1729 1108 1793 spinas
1128 1731 1215 1779 assuit
1233 1729 1288 1778 sibi
1306 1731 1405 1794 quibus
1423 1731 1451 1779 in
1470 1730 1545 1779 illum
1565 1732 1606 1779 in·

313 1818 418 1881 pingat.
452 1820 480 1863 et
497 1814 577 1864 homo
596 1816 658 1878 ipsa
676 1813 877 1878 ingratitudine
896 1813 1032 1877 ingratior
1049 1815 1193 1862 Erasmum
1211 1820 1295 1864 vocat
1313 1815 1468 1864 mortalium
1487 1817 1606 1864 omnium

313 1901 539 1965 ingratissimum.
577 1899 649 1960 Quid
668 1902 724 1959 est,
749 1898 773 1946 si
791 1898 852 1946 haec
870 1898 982 1946 insania
1000 1913 1054 1947 non
1074 1899 1134 1947 est?
1159 1903 1201 1948 est
1220 1898 1354 1964 quoddam
1373 1901 1489 1949 insaniae
1509 1915 1605 1965 genus,

314 2002 365 2050 quo
384 1986 438 2034 sibi
459 1985 570 2049 quidam
589 1998 672 2047 supra
690 1983 798 2031 modum
816 1981 980 2046 displicent:
1001 1988 1030 2031 et
1048 1983 1131 2032 audio
1150 1984 1269 2033 Lovanii
1289 1984 1447 2050 theologum
1471 1985 1606 2049 quendam

313 2071 364 2118 hoc
384 2069 456 2118 malo
474 2068 616 2117 laborare:
645 2072 675 2115 at
694 2067 768 2116 Leus
786 2082 841 2116 non
859 2068 948 2115 minus
973 2062 1091 2127 insanit,
1121 2068 1167 2131 qui
1190 2069 1245 2117 sibi
1268 2083 1350 2133 supra
1373 2070 1479 2120 modum
1504 2069 1606 2134 placet.

281 2153 445 2204 tanllosue
466 2153 551 2202 tuisse
571 2153 667 2201 doctos
686 2168 720 2200 ac
743 2152 892 2215 prudentes
914 2152 1019 2221 amicos
1044 2152 1089 2215 qui
1117 2152 1253 2201 hominem
1278 2153 1330 2202 ista
1355 2153 1512 2202 molientem
1537 2170 1609 2203 eom·
1703 2181 1707 2186 ·

313 2246 461 2304 pascerent
479 2238 522 2287 vel
543 2236 664 2285 elleboro
684 2237 748 2284 dato
768 2235 812 2284 vel
832 2237 945 2284 iniectis
964 2236 1104 2285 vinculis?
1127 2236 1181 2286 Sed
1199 2236 1329 2287 stultulus
1348 2239 1383 2287 ad
1407 2238 1523 2286 mendax
1547 2252 1608 2302 spe-

314 2324 404 2373 culum
423 2324 535 2386 scripsit
554 2323 664 2385 opinor:
689 2320 747 2369 illie
771 2320 806 2369 ad
831 2318 941 2385 singula
964 2322 1088 2369 suaviter
1106 2322 1201 2371 arrisit
1224 2327 1252 2370 et
1269 2306 1324 2371 'sibi
1343 2324 1503 2372 existimans
1523 2321 1608 2371 talem

315 2412 373 2459 fore
392 2408 498 2458 vultum
516 2407 650 2456 lectorum
668 2406 801 2465 omnium,
822 2404 931 2468 qualem
950 2404 1065 2453 videbat
1083 2406 1111 2453 in
1130 2405 1251 2470 speculo.
1289 2407 1343 2468 Qui
1362 2413 1418 2455 tam
1437 2407 1608 2457 amarulente

315 2509 398 2543 ausus
417 2499 459 2542 est
478 2494 612 2558 impetere
631 2491 721 2540 virum
739 2490 784 2538 cui
803 2489 948 2554 plurimum
967 2489 1089 2538 debcant
1108 2493 1136 2538 et
1153 2490 1232 2539 bonae
1252 2505 1320 2554 quas
1342 2497 1444 2541 vocant
1469 2499 1497 2541 et
1521 2507 1608 2541 sacrm

280 2578 419 2639 taliterne,
449 2593 511 2626 mea
535 2575 676 2624 sententia
699 2574 799 2639 dignus
823 2575 911 2623 estin
930 2589 1009 2637 quem
1029 2574 1189 2638 conspirent
1206 2591 1300 2625 omnes
1324 2577 1422 2640 quibus
1447 2577 1523 2626 cordi
1546 2582 1610 2625 sunt

315 2666 420 2728 optima
438 2662 545 2724 studia,
565 2676 645 2724 quem
664 2658 737 2708 stilis
756 2659 813 2707 suis
832 2657 994 2707 confodiant
1012 2664 1043 2705 ut
1066 2658 1205 2708 rabiosam
1224 2659 1384 2721 bestiolam,
1410 2662 1445 2710 ad
1470 2664 1549 2710 cuius
1566 2677 1609 2711 se-

315 2747 458 2813 pulchrum
476 2746 592 2796 veniant
614 2744 727 2792 mictum
751 2747 834 2806 atque
860 2748 988 2791 cacatum
1013 2758 1107 2791 omnes
1131 2742 1254 2792 melioris
1276 2743 1429 2795 literaturae
1458 2746 1609 2795 candidati.

315 2835 375 2897 Ego
394 2838 469 2880 certe
490 2830 601 2879 adnitar
619 2844 668 2893 pro
687 2827 805 2889 viribus,
825 2831 856 2875 ut
874 2828 903 2876 ni
921 2832 1028 2876 mature
1047 2828 1196 2891 resipiscat
1219 2828 1308 2890 Leus,
1336 2845 1435 2879 nomen
1459 2829 1534 2879 illius
1553 2836 1610 2879 tam

316 2919 434 2967 invisum
458 2915 570 2965 reddam
594 2913 713 2979 posteris
732 2928 813 2975 quam
837 2912 892 2960 suit
913 2927 1034 2975 unquam
1052 2912 1160 2961 Vatinii
1183 2917 1232 2961 ant
1248 2912 1415 2964 Phalaridis.
1456 2916 1515 2965 Iam
1538 2931 1610 2965 nuuc

281 3013 307 3051 25
317 3003 395 3067 pueri
414 3002 470 3051 mei
488 3000 613 3049 versibus
633 2998 739 3061 aliquot
757 2996 882 3046 luserunt
899 2997 928 3046 in
948 3012 1015 3061 opus
1039 2995 1251 3046 insulsissimum
1270 2998 1322 3045 Lei
1330 3035 1608 3050 ...................

317 3123 429 3136 ........
450 3087 504 3135 Vos
522 3086 546 3134 si
564 3100 630 3133 vere
650 3083 781 3131 Germani
801 3083 881 3142 estis,
901 3097 956 3131 non
974 3082 1074 3130 sinetis
1091 3081 1210 3131 hominis
1229 3081 1414 3146 petulantiam
1433 3085 1609 3148 impunitam,

317 3171 446 3235 quicquid
465 3170 497 3218 de
517 3169 565 3218 illo
583 3168 715 3217 statuerit
732 3168 875 3227 Erasmus,
897 3167 941 3215 eui
960 3181 1034 3231 saepe
1053 3166 1148 3215 nocuit
1166 3181 1217 3215 sua
1234 3165 1345 3216 levitas.

779 3415 1158 3431 *—

336 3712 496 3749 noemma.
872 3672 1064 3750 CLXVII.
1389 3701 1520 3770 ΜΗ.
1534 3702 1594 3741 raro.

709 3863 968 3923 HVLDElllCHVS
999 3863 1047 3923 DE
1071 3862 1221 3923 llVTTEN

674 3968 799 4025 LlBElllS
842 3970 874 4024 ΙΝ
911 3968 1079 4024 GERlthbl
1117 3968 1258 4024 OllNlBVS

885 4070 1043 4110 sahvrnu.

405 4187 507 4247 Adbuc
529 4185 600 4246 nihil
623 4192 768 4246 cessatum
791 4184 876 4244 uobis
898 4193 942 4245 est
964 4183 1000 4245 ab
1024 4203 1068 4271 eo.
1082 4185 1143 4252 die,
1166 4203 1224 4262 quo
1247 4184 1338 4247 semel
1360 4187 1681 4251 constristandum.

320 4290 375 4349 iam
399 4296 427 4348 et
449 4307 525 4366 pene
547 4289 718 4348 suffocatam
740 4288 865 4347 nationis
892 4286 979 4347 liuius
1007 4285 1172 4347 libertatem
1199 4296 1340 4367 quantum
1369 4290 1399 4349 iu
1422 4290 1506 4349 uolris
1529 4295 1614 4358 esset,
1706 4343 1713 4357 ,

320 4390 434 4451 soluere
457 4397 485 4450 et
508 4397 674 4449 restaurare
692 4389 828 4467 ,adgressi
851 4407 967 4457 sumus,
996 4389 1067 4448 dum
1096 4386 1140 4448 vel
1168 4392 1325 4467 quaerimus
1352 4397 1381 4450 et
1408 4391 1616 4466 investigamus

286 4492 391 4570 aquid
413 4491 523 4569 ubique
545 4490 712 4551 abstrusum
735 4491 880 4550 habeatur
902 4491 1095 4567 antiquitatis,
1119 4490 1198 4567 quad
1220 4491 1289 4551 huic
1311 4497 1412 4549 nostro
1428 4489 1616 4550 commodare

323 4595 413 4669 possit
434 4594 580 4661 instituto,
608 4591 653 4652 vel
676 4593 832 4652 scribimus
854 4594 907 4669 ipsi
931 4599 960 4651 et
981 4591 1011 4649 in
1034 4590 1130 4651 lucem
1154 4591 1268 4652 eclimus
1295 4610 1361 4669 quae
1389 4609 1472 4651 mens
1500 4591 1616 4651 conseia

322 4694 381 4752 reri
404 4693 517 4754 occulta
540 4694 649 4754 diutius
671 4712 735 4754 esse
757 4712 816 4754 non
838 4695 970 4753 sustinet.
1014 4694 1080 4764 Quo
1102 4692 1199 4751 studio
1229 4711 1295 4752 cum
1324 4691 1454 4753 seeundo
1482 4693 1615 4769 proxime
1625 4701 1669 4752 Μ.

323 4880 459 4930 CLXVII.
498 4880 667 4929 A=Indic
681 4879 809 4944 bibliogr.
823 4895 851 4929 n.
865 4880 964 4928 XXIX.
981 4878 1003 4927 l.
1083 4878 1286 4928 2=Burckh
1309 4878 1345 4927 Il.
1367 4894 1393 4942 p.
1407 4876 1514 4928 54...58.
1536 4876 1616 4940 (ibid.

323 4965 401 5028 n.2.)
454 4963 700 5030 3=Wagenseil
714 4980 740 5012 n.
754 4980 830 5015 xavr.
844 4981 871 5029 p.
885 4962 1026 5013 243...2to.
1046 4963 1125 5026 (ibid.
1139 4979 1165 5012 n.
1179 4963 1216 5024 4.)
1274 4964 1426 5011 4=Hutt
1440 4962 1551 5011 Miinch.
1564 4962 1616 5013 111.

791 5066 817 5113 p.
831 5046 969 5098 eut...5t‘›t.
984 5047 1062 5110 (ibid.
1076 5063 1102 5096 n.
1115 5048 1152 5109 5.)
