4067 6209
495 785 568 860 326
622 800 701 853 CLV.
722 816 803 852 serr.
818 815 854 850 an
867 816 981 852 seems.
995 817 1123 853 averniae
1137 817 1222 854 ense.
1237 819 1272 854 na
1286 818 1331 855 vu.
1345 819 1424 855 scen.
1438 820 1581 857 cossnnv.
1597 813 1662 857 1⁵2⁰.

439 974 535 1035 §.athi
564 976 660 1034 omnia
689 973 866 1050 capessenda
894 971 1079 1033 consultores
1106 974 1197 1033 simus
1225 976 1383 1052 opportuni
1410 982 1438 1035 et
1462 975 1571 1036 seduli.
1617 975 1711 1047 Ouod
1740 996 1804 1038 cum

495 1076 557 1136 aliis
578 1078 607 1136 iu
628 1075 719 1135 rebus
741 1075 837 1136 lacere
859 1075 932 1136 alios
954 1075 1082 1140 videam,
1103 1075 1165 1150 ipse
1189 1076 1246 1136 hoo
1268 1077 1338 1136 mihi
1361 1077 1526 1155 desumpsi,
1553 1077 1755 1139 obnixissime
1775 1088 1803 1139 ut

496 1197 630 1238 moneam
653 1195 690 1236 ne
711 1179 837 1253 patiatur
859 1178 967 1237 diutius
990 1176 1200 1236 contumeliose
1218 1177 1342 1237 llomani
1364 1179 1510 1255 pontilicis
1531 1180 1688 1258 tyrannidi
1712 1180 1801 1239 obno-

496 1282 573 1340 xiam
599 1297 663 1338 esse
691 1278 767 1338 hanc
794 1281 950 1338 nationem.
997 1278 1073 1350 Quid
1095 1280 1171 1337 enim
1195 1281 1278 1357 prius
1300 1278 1404 1356 aliquis
1427 1282 1575 1341 existimat
1596 1281 1719 1342 lurcos
1741 1301 1801 1341 esse

446 1440 449 1447 ,
496 1380 699 1448 debellandos,
734 1383 783 1458 qui
812 1389 842 1439 et
869 1380 985 1454 longius
1013 1379 1121 1438 absunt
1148 1387 1176 1440 et
1204 1399 1239 1440 eo
1267 1398 1377 1457 genere
1405 1381 1490 1442 nobis
1517 1382 1724 1444 adversamur
1745 1402 1820 1461 quos

495 1484 645 1561 potuimus
665 1483 720 1559 ipsi
740 1477 858 1559 semper
879 1481 1053 1558 plurimum,
1074 1500 1225 1542 armorum
1248 1483 1452 1543 contentione?
1481 1502 1518 1543 an
1537 1481 1625 1561 prius
1648 1484 1745 1544 hostis
1761 1494 1802 1544 est

498 1583 673 1662 quaerendus
696 1602 784 1661 quem
805 1584 956 1643 hauddum
978 1585 1137 1651 sensimus,
1162 1602 1249 1662 quam
1271 1584 1339 1645 huic
1361 1586 1557 1646 resistendum
1577 1587 1632 1663 qui
1656 1588 1688 1646 in
1711 1588 1802 1646 cerri-

441 1694 486 1745 §.a
499 1685 582 1746 cibus
601 1687 658 1745 iam
681 1687 789 1744 nostris
808 1703 915 1761 magno
938 1703 1006 1743 cunr
1029 1684 1233 1745 dominationis
1256 1686 1331 1745 tastu
1351 1688 1518 1761 grassatur?
1548 1686 1582 1747 ld
1597 1688 1684 1765 quod
1703 1688 1801 1747 conari

496 1804 653 1863 aggressus
675 1804 731 1861 ego
754 1804 812 1845 non
836 1793 947 1846 tanturn
971 1785 1134 1863 perieulum
1157 1804 1216 1845 non
1240 1793 1353 1855 metuo,
1377 1789 1485 1866 quippe
1507 1790 1587 1848 iuxta
1606 1784 1720 1849 (luisti
1736 1807 1801 1849 seu-

496 1890 617 1948 tentiam
646 1890 779 1948 existimo
809 1888 922 1947 lortiter
950 1904 1015 1964 qtrae
1044 1907 1112 1947 vera
1140 1894 1208 1947 sunt
1236 1887 1373 1962 dicenda,
1402 1907 1456 1949 ner.
1480 1884 1629 1949 timendos
1658 1908 1725 1950 esse
1753 1896 1831 1950 eos¹⁰

497 1987 547 2069 q'ui
569 1991 707 2050 occidunt
729 2007 852 2067 corpus,
879 1991 1005 2049 animam
1028 1997 1125 2049 autem
1151 2008 1210 2048 uon
1237 1996 1361 2068 possunt
1383 1992 1532 2060 oceidere;
1565 1990 1618 2051 scd
1644 1975 1803 2068 praemium

499 2093 586 2152 etiam
607 2110 710 2169 spero,
740 2108 799 2150 uon
822 2090 884 2159 hic,
914 2089 964 2150 uhi
986 2092 1116 2152 minores
1138 2099 1206 2151 sunt
1228 2092 1339 2151 rneritis
1360 2094 1468 2152 nostris
1491 2091 1723 2160 retributiones,
1751 2094 1803 2154 sed

500 2196 529 2253 in
558 2193 604 2253 illa
635 2194 813 2270 sempiterna
841 2194 949 2269 patria,
979 2193 1030 2252 uhi
1059 2194 1199 2253 reddetur
1227 2194 1385 2270 unicuique
1411 2193 1574 2253 secundumn
1599 2194 1709 2254 merita
1739 2213 1802 2254 sua.

442 2294 582 2360 §.ellaho
607 2297 684 2354 enim
709 2312 844 2372 operam,
872 2301 903 2354 ut
926 2294 1060 2354 abstrusa
1089 2312 1185 2371 nuper
1213 2301 1241 2353 et
1268 2301 1367 2354 extare
1388 2296 1474 2355 vetita
1500 2296 1529 2354 in
1550 2293 1651 2354 lucem
1677 2296 1804 2373 prodeat

500 2399 619 2464 ventas,
651 2415 706 2456 nec
734 2395 817 2455 locus
844 2398 881 2455 sit
908 2396 1033 2474 amplius
1058 2396 1202 2474 pudendis
1227 2396 1407 2463 fictionibus,
1443 2394 1591 2456 sceleratis
1621 2397 1832 2457 mendaciisztt

500 2501 529 2558 iu
558 2516 623 2575 quie
649 2500 690 2558 sic
719 2500 901 2558 consensisse
929 2498 1073 2557 mundum
1098 2497 1245 2564 videmus,
1276 2505 1304 2557 ut
1329 2515 1394 2575 qum
1416 2496 1522 2558 Christi
1546 2504 1632 2566 sunt,
1663 2516 1735 2576 quae
1756 2499 1803 2559 ille

443 2598 682 2660 §.s-observanda
710 2599 823 2665 docuit,
855 2618 930 2677 pene
957 2601 991 2659 iis
1020 2601 1117 2675 ignota
1144 2599 1215 2666 sint,
1251 2601 1312 2676 qui.
1329 2598 1475 2658 Christum
1499 2598 1689 2675 profitentur.
1740 2600 1803 2659 Non

500 2699 655 2760 terendum
679 2707 731 2758 est·
745 2702 832 2775 igitur
854 2719 910 2778 pro
929 2699 1095 2776 evangelica
1113 2701 1234 2778 ueritate
1257 2706 1286 2760 et
1304 2698 1410 2760 Christi
1433 2700 1564 2759 doctrina
1588 2701 1695 2760 inanes
1720 2700 1802 2761 labu-

501 2801 558 2870 las,
583 2801 734 2860 hominum
757 2802 908 2870 mandata,
932 2803 1006 2864 lucri
1032 2802 1207 2880 plerumque
1233 2818 1335 2861 (sarissa
1357 2800 1393 2860 ab
1412 2802 1446 2860 iis
1466 2807 1633 2861 commenta
1658 2805 1801 2881 supponi:

403 2911 409 2922 '
503 2902 554 2962 sed
576 2903 739 2963 revocanda
758 2903 794 2962 ah
815 2903 943 2964 obscuro
967 2912 995 2963 et.
1016 2902 1143 2962 latibulis
1164 2904 1224 2962 suis
1245 2904 1351 2962 veritas
1373 2910 1430 2970 est,
1455 2910 1484 2962 et
1506 2902 1680 2962 inculcanda
1706 2904 1831 2964 ‹tenuon

446 3018 493 3069 to.
503 3005 655 3066 hominum
678 3005 799 3065 auribus
821 3025 855 3065 ae
879 3004 1072 3083 imprimenda
1092 3003 1235 3064 sensibus.
1270 3004 1381 3081 ‘ignem
1402 3006 1466 3064 reni
1489 3006 1604 3064 mittere
1629 3007 1659 3065 in
1682 3006 1801 3065 terram'

504 3107 637 3167 Christus
664 3109 718 3176 ait,
750 3115 785 3165 'et
810 3107 880 3184 quid
902 3107 981 3176 eolo,
1010 3108 1066 3166 nisi
1095 3111 1127 3166 ut
1154 3106 1364 3166 accendatur‘l'
1397 3106 1533 3166 Proiecto
1554 3107 1683 3182 ingentis
1707 3109 1801 3167 meriti

502 3216 546 3268 est
568 3212 719 3268 veritatem
746 3208 921 3285 praedicare,
953 3208 1026 3267 (leus
1055 3214 1098 3266 est
1125 3209 1201 3267 enim
1226 3210 1330 3267 veritas
1356 3216 1385 3266 et
1406 3208 1558 3285 predicari
1584 3225 1617 3267 se
1645 3207 1745 3276 iubet,
1771 3211 1802 3269 iis

502 3312 552 3389 qui
580 3312 637 3370 hoc
666 3310 787 3378 iaciant,
816 3312 969 3387 proemium
995 3316 1140 3368 statuens:
1172 3306 1355 3386 ‘Quicunque
1384 3308 1535 3368 confessus
1564 3308 1653 3369 luerit
1674 3310 1735 3370 me'
1759 3312 1799 3370 in·

504 3414 578 3490 quit,
604 3423 714 3488 ‘eoram
735 3411 917 3480 hominihus,
948 3418 977 3470 et
998 3412 1074 3471 sdius
1099 3410 1224 3470 hominis
1247 3410 1434 3470 confitebitur
1461 3410 1542 3471 illum
1562 3428 1662 3470 eoram
1691 3411 1828 3488 angelise

446 3512 570 3580 §.odeis
609 3521 637 3573 et
659 3533 674 3573 a
697 3520 780 3591 patre
802 3516 843 3573 sic
867 3520 931 3573 orat
954 3513 1118 3573 ‘Sanetihca
1141 3530 1191 3571 eos
1213 3512 1242 3570 in
1265 3510 1403 3572 veritate'
1437 3513 1610 3591 Quanquam
1634 3518 1700 3571 erat
1722 3510 1800 3571 ciuile

504 3614 611 3692 alioqui
633 3614 741 3674 lartum
762 3634 874 3681 meum.
898 3623 928 3675 et
947 3613 1185 3674 remuneratione
1207 3612 1255 3672 hie.
1276 3632 1394 3692 quoque
1417 3614 1553 3689 dignum:
1588 3631 1655 3673 nam
1679 3615 1705 3672 si
1728 3613 1800 3673 bene

504 3724 656 3776 merentur
679 3719 728 3794 qui
751 3717 859 3776 alienas
879 3734 997 3794 quoque
1018 3723 1121 3791 gentes
1142 3733 1158 3774 a
1181 3716 1312 3792 tyrannis
1333 3714 1474 3778 liberant.
1501 3733 1552 3774 eos
1572 3720 1605 3775 ut
1627 3713 1801 3774 habebimus

449 3835 495 3885 es.
506 3820 556 3896 qui
584 3821 706 3896 patrialn
735 3819 874 3878 adserunt
901 3817 1084 3878 libertatem?
1118 3816 1209 3876 Nimis
1242 3818 1299 3876 iam
1327 3818 1419 3885 enim,
1456 3817 1557 3883 nimis,
1589 3834 1646 3893 pro
1678 3816 1799 3881 Christe,

503 3920 592 3979 licere
615 3922 660 3979 isti
683 3920 737 3979 sibi
758 3919 938 3980 arbitrantur
960 3922 988 3979 in
1011 3937 1081 3985 nos,
1103 3935 1230 3995 quorum
1245 3918 1281 3977 de
1299 3917 1433 3978 libertate
1449 3936 1486 3977 ne
1503 3918 1621 3995 quando
1641 3925 1829 3995 reniergatu

492 4021 576 4080 'acleo
598 4028 666 4080 sunt
687 4021 814 4086 solliciti,
840 4028 871 4081 ut
893 4021 977 4080 nobis
999 4021 1126 4079 veritatis
1144 4037 1261 4097 quoque
1283 4021 1411 4080 studium
1432 4019 1623 4079 interdicant:
1654 4027 1727 4097 quot
1746 4020 1801 4078 iam

504 4139 596 4181 annos
617 4124 694 4182 enim
713 4123 845 4182 tulerunt
866 4124 1013 4181 nemiuem
1034 4124 1083 4199 qui
1107 4139 1208 4180 verum
1231 4120 1330 4179 dicere
1352 4128 1402 4202 aut
1429 4120 1561 4181 scribere
1589 4137 1680 4179 ausus
1710 4120 1801 4180 esset?

504 4224 594 4282 immo
620 4232 692 4300 quot
714 4224 905 4300 perdiderunt
926 4226 976 4300 qui
998 4224 1117 4283 maioris
1143 4221 1305 4280 faciendam
1334 4220 1477 4298 putabant
1504 4219 1704 4295 euangelicam
1732 4222 1801 4280 seri-

506 4332 636 4402 pturam,
665 4326 710 4385 dei
735 4324 872 4391 terbum,
900 4343 987 4402 quam
1010 4325 1180 4402 pontificum
1210 4323 1304 4399 leges,
1332 4323 1484 4383 hominum
1506 4322 1696 4382 traditiones?
1732 4340 1802 4399 quo-

505 4446 571 4487 rum
601 4414 688 4505 aliqui
716 4427 863 4505 proxime,
894 4428 959 4485 etsi
974 4445 1033 4485 non
1058 4427 1154 4484 minus
1183 4443 1270 4503 quam
1302 4442 1371 4500 ego,
1405 4426 1515 4484 scirent
1539 4442 1604 4503 quie
1627 4442 1697 4484 vera
1726 4430 1831 4490 suntet

506 4531 573 4607 quia
596 4529 673 4606 apud
695 4549 746 4590 eos
766 4537 863 4590 tamen
886 4528 951 4606 plus
972 4528 1114 4604 religione
1135 4526 1224 4587 valuit
1244 4528 1428 4604 superstitio,
1451 4524 1509 4585 illic
1529 4525 1750 4603 trepidaverunt
1769 4525 1802 4583 ti·

451 4644 605 4699 temore,
635 4630 687 4691 ubi
718 4650 777 4691 non
802 4638 865 4691 erat
893 4632 989 4690 timor.
1029 4631 1100 4701 Quae
1126 4647 1193 4690 cum
1216 4647 1232 4688 a
1255 4648 1302 4689 me
1325 4629 1493 4706 longissime
1516 4626 1591 4687 absit
1611 4626 1802 4693 imbecillitas,

575 4867 583 4899 ¹
603 4884 684 4932 quum
696 4870 770 4918 2...t.
784 4868 850 4933 ubtq.
902 4865 913 4897 ⁹
932 4867 1081 4932 adgressus
1094 4869 1167 4916 2...4.
1223 4864 1243 4898 ¹⁰
1261 4881 1313 4915 noe
1331 4862 1401 4930 tim]
1415 4865 1522 4930 Evang.
1536 4879 1592 4915 sec.
1606 4863 1708 4913 Metth.
1722 4860 1800 4913 X.28.

508 4949 528 4984 ¹¹
548 4958 657 5004 exstare
671 4956 745 5004 2...4.
800 4952 820 4983 ¹²
839 4954 1004 5017 paene2...l.
1064 4949 1085 4981 ¹⁹
1104 4966 1191 5001 eausa
1205 4952 1229 4999 4.
1288 4946 1308 4981 ²¹
1328 4947 1605 5015 Ignem...aoeend.l
1625 4935 1804 5014 Evangsees

507 5039 575 5087 Luc.
590 5039 651 5088 XII.
664 5038 706 5089 49.
792 5035 814 5069 ²⁴
834 5037 885 5086 hoe
907 5038 951 5101 qui
971 5038 1081 5086 iaciunt
1094 5039 1119 5086 3.
1129 5039 1153 5085 4.
1242 5032 1333 5100 Quin]
1351 5036 1418 5084 Luc.
1433 5031 1495 5081 XII.
1509 5030 1534 5082 8.
1549 5032 1694 5083 obblntth.
1714 5033 1746 5081 X.
1760 5028 1797 5079 32.

508 5117 529 5150 ²⁰
548 5118 677 5187 Semoni]
692 5122 787 5171 Ioaun.
802 5121 888 5171 XVII.
905 5120 943 5170 17.
1009 5113 1296 5186 Quurnquom2.f.4.·
1330 5118 1352 5150 ²⁹
1371 5117 1440 5184 proh
1451 5119 1527 5169 2...4.
1584 5115 1608 5156 ’l
1626 5116 1731 5184 alioqui
1744 5118 1798 5167 M.
