4067 6209
399 783 474 860 258
515 796 627 852 oxvn.
647 812 730 852 nrm.
743 811 780 849 an
792 813 854 851 avc.
868 810 903 849 ns
917 810 1067 849 sinuessa
1080 812 1115 848 se
1127 810 1194 849 arou.
1207 811 1285 849 auio.
1299 813 1342 851 aa.
1357 811 1383 850 n.
1396 803 1432 852 tt.
1444 813 1513 851 aera.
1528 802 1595 850 131⁹.

402 974 570 1053 plenissime
592 971 733 1050 seriptum
757 977 810 1030 est.
855 970 947 1048 ipsam
970 967 1053 1029 robis
1074 977 1108 1029 nt
1129 968 1299 1029 ostenderet
1320 971 1399 1030 iussi.
1437 970 1521 1049 quud
1545 970 1573 1030 si
1597 968 1709 1030 lautum

344 1082 459 1142 eaesi.
489 1074 565 1133 bene
586 1073 690 1141 babet,
721 1075 766 1132 sin
788 1091 873 1139 vero,
903 1071 1032 1131 breviter
1055 1088 1156 1130 rmum
1179 1071 1227 1130 bie¹
1255 1072 1349 1148 eapita
1380 1074 1515 1149 arripite.
1566 1069 1708 1132 Nondum

399 1177 514 1236 hostem
538 1175 610 1234 ridi:
644 1174 714 1234 nibil
738 1181 862 1251 tyranno
890 1172 948 1232 boe
976 1173 1125 1248 fugacius,
1155 1172 1226 1232 nibil
1255 1171 1429 1234 imbecillius
1457 1176 1616 1234 inventum
1646 1178 1706 1238 ost:

399 1280 436 1337 ila
461 1278 537 1351 lugit
558 1286 589 1335 ut
611 1294 670 1334 nou
693 1276 846 1351 respleiat,
870 1281 983 1333 tantum
1005 1274 1088 1333 abest
1105 1273 1305 1334 ‹lelenslonem
1322 1281 1354 1334 ut
1371 1276 1463 1342 ineat;
1493 1276 1607 1335 mirum
1624 1274 1705 1333 dictu

400 1362 444 1438 est
466 1380 582 1457 qllantis
604 1394 658 1435 nos
681 1376 834 1435 itineribus
856 1377 1056 1452 precesserit:
1086 1378 1182 1434 ‹riirnia
1200 1377 1263 1435 eius
1284 1394 1479 1454 occupamus,
1502 1375 1589 1436 nullo
1604 1374 1725 1435 adbues

377 1473 532 1555 negotio:
567 1478 679 1537 dednnt
700 1497 731 1537 se
754 1479 883 1536 eivitates
912 1478 1036 1555 passim:
1072 1477 1140 1554 qnid
1171 1476 1304 1535 lacerent
1330 1477 1409 1536 alind
1437 1478 1538 1537 enimi
1574 1475 1708 1537 salutant

400 1600 454 1640 nos
476 1581 634 1659 quinetiam
657 1585 847 1638 oeemsantes
869 1577 1002 1657 plerique
1025 1577 1198 1637 liberatores
1221 1585 1249 1637 el
1270 1586 1436 1638 servatores
1450 1597 1538 1646 suos,
1565 1596 1604 1638 ac
1626 1575 1705 1637 salu·

402 1690 461 1743 tem
483 1687 661 1760 precantur,
694 1688 725 1739 nt
752 1680 874 1757 (expulso
904 1686 1029 1758 tyranno
1059 1678 1155 1739 laetitia
1178 1680 1335 1754 gestientes
1358 1698 1391 1738 ae.
1415 1679 1593 1744 lrementes.
1626 1677 1705 1739 baud

347 1783 457 1853 §.salia
480 1784 603 1841 ratione.
642 1801 729 1860 quam
752 1784 781 1841 in
804 1784 896 1840 ricem
919 1781 1017 1857 prada
1041 1789 1071 1840 et
1092 1779 1331 1859 populationibus
1352 1780 1548 1848 abstinemus,
1572 1780 1704 1840 necdum

402 1885 563 1944 ‹rrreidimus
584 1885 640 1942 nisi
662 1901 772 1961 pauens
794 1884 893 1941 neseio
916 1901 975 1960 quo
998 1901 1102 1942 errore
1124 1882 1325 1942 delensionern
1348 1882 1472 1942 molitos.
1510 1884 1541 1943 in
1562 1880 1704 1942 manibus
1713 1899 1733 1942 n

402 1988 500 2045 omnia
531 1986 639 2044 nostris
668 1992 718 2044 aut
745 1990 815 2043 sunt
840 1990 890 2043 ant
912 1982 1010 2044 lutura
1034 1985 1150 2044 iamiam
1173 1991 1329 2061 patrumm:
1362 2003 1398 2043 ex
1420 1985 1455 2044 iis
1477 2001 1546 2062 quae
1565 1983 1703 2043 munitis-

402 2090 475 2147 sima
503 2093 572 2146 sunt
599 2092 627 2145 el
656 2084 763 2162 quibus
792 2085 953 2163 plnrinnnn
980 2084 1028 2144 ille
1056 2085 1132 2151 fidit,
1162 2085 1200 2144 ob
1224 2085 1311 2163 idque.
1334 2085 1475 2163 preasidiis
1497 2091 1528 2145 et
1550 2083 1703 2145 rebusad

401 2191 511 2248 vietum
534 2188 707 2246 necessariis
729 2186 868 2255 firmarit,
893 2186 1073 2246 obtinuimus
1096 2189 1160 2246 ianr
1176 2187 1324 2265 qrraedam,
1348 2186 1402 2246 alia
1425 2204 1476 2265 spe
1499 2187 1700 2265 praecipimus.

348 2289 547 2363 §.s'lubingar
576 2288 648 2348 orbs
675 2289 700 2347 si
727 2290 819 2365 accipi
842 2290 904 2347 sine
927 2307 995 2347 aree
1018 2307 1152 2349 seorsum
1177 2291 1282 2366 possit,
1312 2290 1425 2367 etipsa
1448 2306 1480 2348 so
1503 2288 1595 2348 dedit.
1641 2305 1701 2348 ma·

404 2394 481 2452 xima
504 2389 574 2450 inibi
598 2377 731 2466 presidii
754 2382 836 2456 sunt,
860 2389 988 2467 puberis
1011 2408 1115 2465 magna
1140 2393 1196 2458 ris,
1222 2410 1257 2449 ers
1280 2388 1430 2450 nobilitate
1452 2391 1601 2468 imprimis
1624 2407 1730 2449 oum-n

404 2492 519 2570 plnres,
548 2498 578 2550 et
599 2493 675 2551 inter
697 2509 748 2551 eos
769 2498 854 2558 tuus,
884 2491 1018 2556 olinea.
1050 2492 1141 2551 irater
1162 2493 1282 2559 Petrus,
1312 2494 1360 2571 qui
1384 2492 1576 2552 Francisoum
1599 2492 1702 2552 duoto-

347 2612 467 2669 fflem
490 2591 605 2652 adlatus
627 2599 671 2651 est
693 2592 772 2660 beri,
796 2610 863 2652 enm
885 2595 1107 2669 permitteretur
1129 2592 1318 2671 colloquium.
1357 2593 1512 2654 Habentur
1533 2592 1575 2653 ibi
1600 2609 1702 2653 omnes

405 2696 537 2760 thesauri
564 2701 592 2754 ot
621 2711 685 2773 qnae
708 2712 776 2754 oara
800 2692 902 2753 babuit
924 2697 1080 2771 tyrarrnus;
1114 2700 1257 2772 praeterea
1278 2682 1371 2773 'ipsius
1393 2694 1478 2755 liberi
1501 2694 1652 2756 masculus
1673 2700 1702 2753 et

405 2796 517 2876 puella:
553 2795 665 2870 aufugit
688 2796 765 2855 enim
788 2794 925 2854 oninibus
946 2802 1013 2872 post
1035 2815 1066 2854 se
1089 2795 1213 2864 relictis,
1237 2798 1336 2873 viginti
1359 2815 1427 2857 enni
1450 2795 1601 2874 equitibus
1622 2793 1699 2854 solis.

405 2899 461 2969 tlni
483 2899 512 2956 in
536 2897 672 2974 praesidio
694 2904 777 2963 sunt,
808 2897 989 2956 oorrditiones
1011 2896 1165 2957 nobiscnm
1189 2900 1370 2976 piacisoontes
1392 2900 1434 2957 sir.
1456 2897 1569 2958 dedunt
1591 2914 1729 2963 arcemn

407 3005 436 3057 nt
461 2999 547 3058 tidem
571 2999 688 3073 (exigant
711 2998 833 3057 rieissbn
858 3000 887 3057 in
909 2999 1050 3076 prineipis
1072 3001 1157 3076 pneri
1180 3006 1352 3078 potestatem
1376 2999 1440 3060 lore
1463 2999 1555 3064 banc.
1580 2997 1631 3058 ubi
1652 2996 1700 3057 ad·

353 3106 358 3131 ⁸
390 3101 542 3168 olerent,
572 3118 628 3158 arria
653 3116 720 3157 erim
743 3100 777 3157 iis
800 3117 865 3177 rprae
887 3098 987 3157 relirta
1010 3099 1051 3159 ibi
1073 3108 1141 3160 sunt
1170 3100 1315 3161 omnibns.
1360 3120 1419 3160 non
1449 3100 1586 3160 ridentur
1619 3118 1700 3160 aere·

350 3218 369 3266 ς.
379 3225 398 3262 a.
409 3202 487 3278 pluri
517 3201 622 3267 eltrees,
658 3207 838 3277 sarapropter
867 3203 980 3275 magnis
1002 3220 1034 3261 so
1067 3202 1207 3279 oporibus
1228 3205 1305 3263 tueri
1339 3210 1491 3262 currantur.
1537 3203 1700 3280 Aspurgam

406 3301 495 3361 baliol
522 3302 668 3380 parricida
698 3304 828 3360 orrrninrn
858 3304 1054 3379 nequissimos
1079 3324 1113 3363 ae
1143 3306 1363 3365 crudelissimus
1384 3282 1645 3365 loslieonlrardus
1666 3302 1700 3361 de

405 3401 592 3480 llepsebaeb,
627 3404 650 3462 is
679 3405 727 3481 qni
756 3422 839 3462 snam
861 3422 958 3481 nupu·
981 3423 1120 3475 uxorem,
1157 3426 1281 3486 eamque
1304 3407 1468 3484 gravidam,
1499 3413 1528 3467 et
1544 3403 1727 3466 ancillams

473 3571 693 3635 llngntinsedd.
740 3571 1128 3624 ⁷suoseorr.ll.3.sulem.
1176 3574 1418 3625 transrenanos.
1435 3577 1469 3624 ΙΙ.
1486 3579 1511 3626 3.
1562 3572 1583 3606 ¹²
1595 3574 1662 3625 fidet
1675 3575 1699 3622 3.

407 3655 428 3686 ¹⁵
442 3656 513 3720 pulv.
529 3674 562 3704 nr.
571 3657 613 3705 vis
626 3658 714 3705 addid.
724 3658 759 3706 ΙΙ.
768 3661 793 3706 3,
808 3661 889 3706 reteri
900 3675 949 3707 nori
962 3659 1063 3708 delient.
1112 3658 1132 3691 ¹⁶
1144 3641 1297 3725 Frarreiso.]
1306 3661 1525 3725 Sielringensem.
1575 3658 1596 3691 ¹⁶⁴
1608 3657 1698 3724 liberi]

407 3741 619 3805 Clrristopliorus
638 3747 666 3789 ot
684 3742 772 3791 Arina.
843 3741 864 3772 ²¹
884 3740 927 3805 ne]
948 3748 977 3791 et
994 3746 1114 3793 eornll.
1132 3746 1157 3793 3.
1225 3743 1249 3780 ⁸¹⁰
1267 3743 1439 3809 Roysobsclr]
1461 3746 1594 3808 chepd
1613 3745 1698 3795 Ulmo.

412 3826 562 3875 ll'rirttrmb.
585 3825 657 3875 18:11.
681 3827 717 3875 8⁰.
737 3828 759 3875 I.
777 3844 802 3891 p.
816 3827 875 3875 562.
895 3828 1053 3877 lteiselruelrii
1073 3833 1220 3879 relationem
1243 3833 1275 3879 de
1297 3830 1426 3879 obsidione
1445 3830 1574 3894 Aaperpaeo
1596 3831 1647 3879 oid.
1661 3845 1699 3893 ap.

407 3910 543 3957 Sattiae-run
560 3910 583 3958 Τ
580 3927 670 3974 opopr.
684 3929 705 3958 o.
721 3912 744 3959 ll
751 3912 871 3959 'drttemb
887 3912 908 3959 l.
925 3911 980 3959 154.
1011 3912 1144 3976 aequato,
1160 3920 1222 3979 post
1234 3914 1417 3963 blaximiliuni
1431 3915 1496 3979 imp.
1511 3914 1619 3964 obitum
1633 3930 1699 3964 oom-

407 3996 525 4057 posilnm
550 4011 659 4057 poenrn,
686 3995 756 4058 qrieid
779 3997 894 4058 primurn
918 3996 1019 4060 prodiit
1043 3998 1071 4045 in
1096 3996 1105 4044 l
1129 3998 1175 4047 fol.
1202 4004 1332 4062 extatque
1358 4000 1386 4046 in
1404 3998 1470 4048 bibl.
1491 3999 1700 4064 reg.blonuch.,

406 4077 537 4125 Aretinns
556 4078 659 4140 (Beptr.
674 4094 695 4126 z.
712 4079 800 4127 Grseb.
814 4097 837 4128 n.
853 4082 904 4128 Lit.
921 4080 993 4128 luna.
1012 4080 1049 4129 8⁰.
1069 4082 1115 4130 IV.
1136 4098 1160 4146 p.
1175 4082 1233 4131 524.
1247 4084 1295 4146 ss.)
1309 4089 1384 4131 etex
1403 4083 1454 4132 boo
1468 4083 1500 4131 L.
1513 4100 1536 4132 u.
1551 4085 1643 4134 Sullae
1660 4081 1702 4131 100

407 4163 526 4210 ‹lentsales›
544 4163 601 4209 dist.
619 4161 780 4211 Votlrslieder
798 4162 873 4228 (Lpz.
889 4163 962 4213 ista.
982 4164 1017 4213 8⁰.
1038 4182 1063 4230 p.
1078 4168 1135 4215 212.
1150 4166 1219 4231 sqq.)
1240 4168 1384 4216 ediderunt
1405 4166 1478 4220 “uin
1496 4181 1574 4231 nsunt
1594 4169 1642 4221 tin
1655 4180 1701 4221 nott

404 4253 456 4297 ren
476 4249 569 4309 pertine
587 4258 636 4297 oon
653 4244 834 4311 mittitubtm.
853 4246 890 4308 ju
906 4255 959 4301 mn
978 4253 1046 4313 tlon.
1066 4248 1108 4313 jd)
1126 4252 1198 4313 [tuns
1216 4265 1248 4305 on
1266 4253 1336 4304 einen
1349 4252 1487 4317 meritust·
1523 4253 1565 4301 Ex
1585 4268 1619 4302 eo
1637 4259 1702 4302 stro·

407 4330 466 4395 pluo
484 4328 508 4378 8.
522 4346 580 4395 sqq.
600 4330 652 4379 buo
671 4331 823 4395 pertinent:

695 4416 747 4478 ben
765 4429 814 4468 uon
833 4417 926 4481 putten
945 4418 996 4484 buit
1013 4425 1047 4472 ru
1066 4420 1181 4486 retrudor

648 4499 765 4566 [nenton
784 4515 841 4553 uns
861 4502 926 4555 leben
945 4504 1038 4567 bremt,

646 4586 747 4649 diutim
765 4584 843 4651 virid)
862 4600 911 4640 oon
929 4586 1112 4653 miserentem,

646 4670 677 4735 itt
694 4671 735 4722 sir
752 4671 793 4723 tin
811 4669 884 4737 propt
903 4672 1012 4737 iduum,

548 4792 553 4801 .
646 4768 697 4807 mes
714 4764 746 4806 ru
763 4763 808 4807 rto
827 4770 911 4809 utinen
930 4757 1040 4821 tentata
1059 4758 1233 4823 betranion,

646 4845 737 4891 merten
756 4841 789 4901 [it
803 4841 844 4893 rit
858 4848 937 4893 burun
955 4843 1096 4906 eternum,

647 4923 735 4976 tainu
752 4924 819 4977 mtirt
839 4926 880 4989 bip
896 4926 936 4977 sir
954 4926 1018 4990 [tau.

696 5024 767 5088 §jaus
784 5025 886 5087 tioium
905 5041 954 5079 uon
972 5026 1109 5092 lipidam
1128 5026 1216 5091 prober
1234 5028 1342 5094 minet,

646 5109 697 5173 butt
715 5114 803 5174 ecaton
821 5111 860 5164 nit
878 5112 952 5176 redit,
