4067 6209
485 770 543 823 XC.
562 788 685 824 nvrrrrr
698 788 735 824 an
748 787 860 823 emona.
874 788 917 823 er.
931 789 1004 824 virae
1019 789 1076 824 sve
1090 789 1152 824 aar.
1167 790 1249 825 neon.
1264 791 1289 825 u.
1303 784 1337 825 ta.
1349 790 1409 826 ocr.
1425 784 1482 827 rats.
1554 762 1626 835 197

330 945 442 1006 nemini
468 942 526 1005 hoc
549 962 602 1022 per
630 945 817 1005 Germaniam
844 945 962 1004 nornine
991 947 1079 1006 cedo:
1108 946 1347 1026 quandoquidem
1374 949 1401 1007 in
1430 951 1544 1024 magnis
1571 950 1627 1011 boc

330 1045 553 1108 difficultatibus
573 1046 658 1106 facio.
705 1048 788 1106 cuius
810 1045 852 1105 vel
875 1046 931 1105 boc
955 1045 1044 1106 luerit
1065 1055 1288 1123 argumentum,
1318 1049 1396 1128 cprrnd
1420 1048 1498 1109 illam
1529 1051 1626 1111 adbuc

330 1148 487 1226 Capnimris
508 1166 603 1208 causae
626 1147 826 1207 defensionem
845 1148 994 1212 mordicus
1014 1155 1116 1209 tenco:
1150 1169 1207 1228 qua
1231 1150 1267 1209 de
1294 1152 1324 1210 in
1350 1149 1442 1210 literis
1463 1153 1520 1210 tuis
1542 1170 1623 1211 men-

330 1252 443 1310 tionem
460 1250 541 1317 lacis,
555 1249 744 1325 tlreologistas
756 1250 871 1309 auxisse
887 1253 986 1309 rnrsrio
1002 1268 1075 1328 qaras
1087 1268 1156 1310 snas
1168 1251 1323 1312 adversum
1334 1270 1390 1311 nos
1401 1249 1623 1313 lamentationes

307 1350 474 1411 ¹scribens.
520 1350 730 1423 coeldorum
757 1352 962 1427 importunitas
987 1351 1066 1411 haud
1094 1353 1164 1425 dum
1192 1356 1269 1423 scio,
1299 1372 1404 1414 secure
1433 1356 1526 1430 magis
1551 1365 1691 1415 conatu.

329 1454 488 1514 temnenda
509 1455 546 1513 sit
568 1470 655 1531 quam
673 1453 858 1527 indignanter
879 1454 1051 1528 exagitanda
1073 1473 1107 1513 ac
1127 1456 1290 1534 punienda,
1314 1456 1345 1515 in
1364 1457 1539 1516 immensum
1556 1458 1622 1534 quia

330 1557 476 1615 excrescit
498 1556 620 1634 perditae
647 1554 781 1614 factionis
808 1554 939 1614 licentia:
973 1574 1070 1633 nuper
1100 1558 1192 1616 visum
1222 1564 1266 1616 est
1292 1557 1329 1617 ad
1355 1556 1427 1618 nihil
1455 1558 1622 1625 connivere,

330 1656 403 1716 nihil
426 1656 625 1725 dissimulare,
662 1674 758 1735 neque
781 1655 888 1734 aliquid
910 1658 1070 1727 incensae,
1107 1677 1194 1738 quam
1222 1657 1303 1719 lanto
1328 1658 1419 1719 sernel
1442 1676 1533 1736 opere
1553 1676 1622 1736 pro-

302 1808 304 1810 .
330 1758 519 1834 pugnandam
535 1759 732 1836 suscepimus,
756 1758 919 1834 patrocinio
934 1735 1174 1836 praevaricatione
1189 1762 1397 1820 transmittere,
1426 1754 1488 1837 ipse
1505 1760 1621 1839 quidem

294 1863 319 1905 ¹⁰
331 1861 357 1919 si
380 1878 441 1920 non
462 1860 653 1939 consyderate
676 1858 764 1926 adeo,
788 1866 817 1918 at
838 1865 979 1920 strennue
996 1879 1060 1919 earn
1076 1860 1189 1921 navabo
1209 1880 1339 1939 operam.
1374 1860 1511 1921 Videmus
1528 1875 1690 1939 quan-tu.

329 1969 392 2023 turn
414 1962 526 2022 reserat
548 1961 600 2020 bas
622 1963 781 2039 extirpatas
804 1979 868 2020 csse
890 1962 1030 2028 zizanias,
1052 1962 1128 2022 banc
1150 1962 1280 2022 evulsam
1299 1961 1448 2038 loliginem
1470 1981 1504 2022 ac
1527 1963 1621 2023 eradi·

329 2072 440 2132 catam,
462 2071 494 2123 ut
513 2042 544 2122 se
568 2062 643 2123 lmlix
667 2062 714 2122 illa
736 2064 852 2140 iamrpre
874 2061 1078 2140 srvppbllnlans
1098 2065 1330 2124 rectissimorum
1344 2064 1508 2124 studiorum
1523 2063 1621 2142 planta

329 2165 475 2243 prolerat,
501 2185 536 2226 ac
555 2183 642 2243 quarn
665 2164 722 2224 late
742 2171 899 2242 propaget:
931 2170 977 2231 ut,
1007 2166 1140 2243 inquam,
1169 2166 1268 2225 eiectis
1290 2184 1324 2225 ac
1347 2165 1547 2225 exterminatis
1572 2166 1621 2243 qui

328 2284 361 2327 se
383 2265 529 2327 oborienti
552 2269 608 2327 iarn
631 2266 716 2325 bonae
738 2265 910 2325 ernnlitionis
933 2264 986 2324 soli
1016 2267 1226 2345 intempestiva,
1253 2266 1347 2326 nubes
1376 2272 1542 2345 opponunt,
1571 2266 1621 2343 qui

293 2374 319 2415 ¹⁶
329 2366 473 2444 fulgidum
499 2368 569 2428 illud
592 2370 653 2428 veri
674 2367 839 2445 splendoris
862 2366 960 2425 lumen
989 2369 1016 2426 in
1042 2370 1104 2446 ipso
1130 2387 1184 2428 suo
1207 2374 1312 2458 exortu
1334 2366 1509 2460 obscurare,
1531 2368 1621 2425 immo
1645 2453 1651 2462 ι

328 2472 501 2545 extinguere
523 2489 557 2529 ac
578 2467 754 2547 proculcare
778 2475 937 2536 conantum
966 2467 1052 2527 boam
1075 2477 1153 2529 artes
1175 2471 1362 2537 reviviscant,
1390 2470 1543 2547 utriusque
1565 2467 1619 2526 lin·
1731 2526 1734 2533 ,

328 2589 394 2648 guae
417 2572 627 2631 commercium
649 2570 735 2630 nobis
757 2589 824 2630 cum
848 2570 957 2631 Grecis
978 2589 1012 2630 ac
1035 2570 1113 2631 ltalis
1136 2572 1304 2639 conveniat;
1330 2572 1487 2631 Germania
1509 2569 1618 2630 culturn

328 2672 443 2740 induat,
467 2672 620 2733 barbaries
639 2672 716 2732 ultra
739 2674 932 2734 Garamantes
952 2680 981 2732 et
1000 2672 1165 2732 ltalthicum
1185 2691 1278 2751 usque
1298 2669 1444 2732 'oceanum
1464 2670 1619 2731 exibiletur

328 2794 363 2834 ac
383 2775 586 2853 protrudatur.
639 2775 698 2834 lam
725 2773 809 2834 binas
836 2776 865 2834 in
892 2793 939 2834 me
966 2777 1086 2850 sagittas
1113 2780 1321 2835 contorserunt
1351 2772 1527 2841 nebulones,
1562 2772 1688 2835 subt-tt.

289 2876 518 2953 ²⁰Pepericorui
535 2875 624 2935 ludaei
646 2876 779 2942 nomine:
806 2894 871 2954 quae
890 2895 938 2935 me
960 2894 1128 2955 quanquam
1149 2875 1229 2935 nullo
1249 2894 1316 2935 meo
1338 2875 1440 2936 dolore
1460 2875 1617 2950 tetigerint,
1653 2881 1669 2928 .’

328 2984 378 3037 aut
397 2979 494 3054 potius
517 2995 554 3035 ne
579 2978 728 3052 tetigerint
749 2978 881 3055 pridem,
916 2985 945 3037 et
967 2977 1064 3037 adbuc
1086 2995 1150 3037 rem
1173 2977 1429 3043 dissimulaverim,
1463 2976 1619 3055 aliqnando

329 3085 425 3139 tamen
447 3078 586 3138 videbunt.
604 3078 660 3145 illi,
691 3097 778 3159 quern
801 3079 947 3155 petierint.
994 3079 1131 3157 quicum
1154 3079 1296 3138 hactenus
1325 3077 1422 3137 omnia
1450 3076 1505 3136 sibi
1530 3076 1618 3136 licere

328 3182 508 3259 putaverint,
532 3182 613 3257 pensi
637 3198 697 3239 non
718 3178 888 3239 babuerunt
909 3181 1051 3240 adversus
1072 3199 1159 3259 quem
1182 3180 1251 3258 quid
1274 3179 1497 3255 aggrediantur:
1527 3195 1618 3254 quare

328 3284 441 3359 experti
475 3282 606 3341 nondum
638 3290 707 3339 sont
735 3283 886 3341 temerarii
911 3281 1083 3351 insultores,
1115 3288 1242 3360 quantus
1272 3282 1395 3359 (piisque
1423 3281 1451 3338 in
1482 3276 1616 3356 clypeum

292 3390 473 3457 cassio-gat.
519 3382 574 3442 L'bi
601 3382 762 3441 audiendos
790 3401 849 3441 non
878 3390 963 3460 puto,
997 3383 1046 3461 qui
1075 3384 1211 3451 suadent,
1245 3390 1278 3443 ut
1305 3401 1342 3443 ne
1371 3380 1505 3440 invidiam
1532 3376 1684 3437 rubiscu.

327 3484 532 3544 conciliemus:
556 3490 585 3542 et
611 3483 647 3542 ab
673 3482 729 3541 boc
747 3491 826 3543 metu
846 3490 958 3544 tanturn
972 3484 1090 3553 absum,
1114 3491 1221 3544 utnon
1238 3484 1374 3543 invidiam
1390 3481 1478 3541 inodo
1495 3482 1617 3539 istorum

327 3602 388 3645 nou
404 3585 532 3660 logiam,
556 3585 607 3645 sed
625 3585 702 3644 ultro
725 3585 824 3644 odimn
846 3586 932 3644 etiam
955 3603 1122 3646 accersam:
1145 3605 1179 3644 ac
1201 3586 1318 3645 oderint
1339 3584 1393 3652 illi,
1418 3600 1473 3657 ego
1496 3599 1616 3658 operam

327 3685 404 3746 dabo
426 3688 559 3755 interim,
587 3695 619 3746 ut
640 3686 726 3747 simul
749 3687 905 3765 aliquando
926 3693 1072 3746 metuant:
1096 3688 1138 3745 sic
1161 3687 1278 3746 decrevi
1301 3686 1393 3752 enim,
1418 3685 1473 3743 nisi
1495 3703 1510 3741 a
1532 3681 1633 3742 nobis·

328 3790 494 3848 conticeant
508 3790 562 3857 isti,
583 3806 643 3847 non
659 3790 769 3865 postica
794 3789 850 3846 iarn
870 3788 945 3847 ultra
969 3805 1060 3847 sanna
1079 3789 1234 3867 persequi,
1257 3788 1308 3846 scd
1331 3788 1463 3846 animoso
1486 3786 1515 3843 in
1536 3783 1616 3842 iron-

290 3901 318 3943 3⁰
329 3896 386 3949 tem
409 3891 519 3967 impetu
543 3889 719 3949 obturbare:
755 3890 782 3949 id
805 3889 883 3968 (prod
907 3897 934 3949 te
957 3890 1067 3966 pariter
1090 3897 1119 3950 et
1140 3889 1213 3949 velle
1236 3890 1311 3956 scio,
1346 3895 1375 3948 et
1398 3883 1495 3946 lacere
1523 3885 1615 3952 video,

327 4010 344 4050 e
365 3993 466 4068 paucis
489 4009 581 4052 unum
603 4010 735 4058 mecum:
761 3992 863 4070 quodsi
882 4010 941 4050 non
957 3993 1158 4051 inconstanter
1176 3992 1330 4059 adniteris
1354 3990 1445 4049 credo
1460 3987 1617 4066 aliquando

395 4158 402 4191 ¹
418 4160 485 4226 cedo
498 4160 532 4209 B.
580 4160 590 4191 ³
605 4176 696 4210 eausae
711 4160 867 4213 ..tensione
880 4162 917 4209 II.
938 4175 1051 4210 causam
1065 4159 1097 4223 (s.
1112 4158 1216 4223 coires.)
1230 4163 1300 4212 eddi.
1346 4158 1356 4191 ⁴
1374 4161 1618 4210 laumentationum

325 4244 465 4294 obscuror.
480 4245 562 4293 viror.
582 4244 672 4294 altera
685 4244 771 4293 editio
785 4244 863 4294 faeta
877 4250 920 4294 est
939 4245 1082 4311 „colonio
1102 4245 1189 4295 Anno.
1199 4248 1419 4296 bl.ceccc.xv111.
1438 4246 1465 4295 in
1478 4246 1617 4309 Augusto”

325 4334 352 4377 tn
364 4329 400 4378 4⁰.
470 4328 501 4360 ¹¹
520 4330 744 4394 propugnandum
759 4331 783 4376 5.
793 4332 816 4377 0.
847 4326 1008 4393 '¹quidem
1022 4332 1083 4379 odd.
1097 4331 1132 4390 II.
1152 4334 1222 4381 rimie.
1241 4332 1299 4380 edd.
1357 4329 1378 4362 ¹⁰
1397 4331 1570 4380 considerate-
1591 4332 1616 4378 3.

326 4418 438 4464 strenue
453 4416 527 4464 3.,.6.
592 4413 611 4446 ¹¹
633 4415 802 4478 exstirpatas
821 4417 895 4464 lwd.
916 4420 940 4462 et
958 4417 1074 4465 similiter
1093 4418 1117 4465 in
1134 4415 1254 4465 similibus
1269 4431 1320 4479 per
1336 4430 1358 4463 s.
1420 4414 1441 4446 ¹¹
1460 4415 1527 4464 felix
1541 4417 1615 4463 3...o.

326 4497 348 4530 ¹⁵
367 4499 420 4548 imo
435 4501 467 4549 B.
510 4500 530 4531 ¹¹
549 4500 724 4565 exstinguere
739 4501 811 4547 t...o‘.
866 4503 1013 4561 conantur,
1033 4502 1107 4549 ne3.
1162 4479 1617 4561 ¹¹Garomcnter‘br.ntus)ll.pro

325 4582 512 4647 hyperboreos
531 4590 637 4633 montes
650 4586 708 4633 edd.
761 4583 901 4633 Bellicum
915 4586 988 4633 4...6.
1043 4579 1293 4633 exsibileturdss..d.
1344 4578 1616 4644 ¹⁰Pcpericornilei.

325 4681 386 4730 quae
400 4682 482 4731 snpra
495 4667 567 4732 pat.
576 4684 616 4733 sq.
630 4685 663 4717 ex
675 4670 751 4718 Maio
765 4670 886 4733 repetita
899 4674 970 4718 sunt.
1027 4666 1050 4698 ²⁵
1071 4669 1242 4730 Vergilianum
1260 4670 1378 4729 quantus
1391 4666 1505 4728 quisque
1520 4666 1548 4711 in
1561 4664 1616 4726 ely-

325 4767 407 4815 peum
430 4759 558 4817 assurgat
583 4752 646 4810 (riae
665 4754 723 4802 acle.
738 4755 824 4816 4...6.)
849 4755 907 4802 edd.
928 4755 1052 4809 retinent,
1072 4752 1108 4800 ΙΙ.
1126 4751 1274 4799 transduxit
1292 4755 1316 4797 et
1334 4750 1473 4812 adscripsit
1491 4763 1551 4812 quae
1571 4746 1616 4795 eui

325 4871 347 4885 ..
363 4833 368 4901 Ι
384 4837 468 4886 tionis
491 4853 559 4886 sue.
572 4874 578 4886 .
590 4874 614 4886 ..
632 4836 636 4900 Ι
653 4839 740 4888 Possis
759 4854 819 4904 qnae
839 4839 911 4904 eniq3
933 4837 1018 4886 studui
1044 4832 1163 4899 alitionis
1182 4834 1304 4882 suadcot.
1356 4836 1396 4882 nel
1413 4848 1472 4896 quoe
1492 4832 1616 4896 cuiusque

324 4916 441 4984 alitionis
460 4925 576 4970 salacitas
593 4926 634 4970 sit.
665 4923 713 4971 red
729 4924 784 4973 iuer
800 4939 890 4987 purum
905 4925 1017 4986 placent.
1070 4916 1091 4950 ¹¹
1111 4933 1251 4967 arcessam
1264 4921 1336 4966 4..,6.
1389 4915 1446 4948 ¹¹²¹
1465 4916 1616 4965 oderint...

325 5003 459 5069 metuant]
481 5006 613 5071 obstipui
632 5024 657 5071 p.
672 5005 727 5056 168.
742 5008 759 5056 ἰ.
774 5008 794 5056 t.
863 5005 884 5037 ὓ
903 5005 1065 5056 conticeant
1079 5004 1139 5052 AB.
1151 5004 1186 5062 3.,
1206 5019 1252 5052 nec
1269 5006 1370 5058 mirtaait
1382 5003 1418 5051 ΙΙ.
1456 5000 1619 5050 contineant

327 5090 400 5139 Ι...6.
454 5106 508 5139 non
526 5092 636 5157 postico
654 5089 751 5155 sanna]
775 5096 806 5139 ut
830 5090 956 5156 epistolis
974 5090 1149 5139 obseuromm
1168 5088 1301 5150 virorum,
1325 5090 1399 5153 puto.
1469 5083 1490 5117 ¹¹
1509 5087 1617 5135 unurt.
