4067 6209
468 759 596 813 XXXVI.
613 767 636 810 2.
650 773 715 809 ton.
730 772 812 807 mesu
826 771 981 807 ussonsm
994 771 1125 808 unm.
1139 774 1177 809 nn
1190 775 1313 810 nvrrsss
1325 775 1416 814 sense.
1430 777 1544 817 ιτιωε.
1585 751 1655 824 117

522 938 527 945 ’
578 926 734 1019 Dibaeras
754 927 837 988 nobis
854 928 921 988 lutee
940 930 1053 1001 siam,
1075 929 1132 989 ista
1153 932 1250 1006 sequi,

507 1033 549 1094 Et
568 1049 636 1096 oum
658 1032 798 1094 metiaris
814 1046 992 1107 nuperorum
1013 1033 1125 1091 ianitor
1144 1034 1240 1106 auia,

441 1156 479 1198 ns
581 1136 642 1195 Cur
662 1136 766 1194 aliena
783 1149 898 1209 precor
915 1133 1060 1194 claudere
1081 1150 1178 1208 repna
1200 1133 1299 1196 uoles?

506 1238 567 1298 Nos
588 1248 615 1297 te
634 1237 782 1296 Romane
803 1235 955 1295 dominum
974 1236 1093 1295 ditionis
1112 1242 1143 1319 et
1161 1237 1243 1297 urbis

577 1340 730 1415 Fecimus,
753 1340 785 1397 in
806 1339 906 1413 eapite
922 1344 966 1397 est
982 1345 1085 1397 nostro
1102 1353 1213 1398 corona
1233 1346 1298 1400 tuo:

509 1440 597 1503 Utere
615 1456 694 1517 paee
715 1439 793 1499 oona
811 1439 975 1511 nobiscum,
997 1438 1085 1498 rebus
1106 1441 1242 1514 inemptis

440 1563 477 1604 112
580 1543 761 1603 Contrarias
781 1541 864 1601 nohis
885 1540 984 1601 debita
1004 1547 1086 1599 stare
1108 1548 1191 1610 aeta·

506 1645 584 1706 Nom
603 1648 656 1721 qai
669 1646 816 1720 promissi
833 1646 931 1703 claves
948 1644 1091 1702 commisit
1111 1645 1236 1719 olympi,

578 1748 696 1807 Martia
713 1760 772 1821 pro
790 1747 893 1819 repnis
913 1759 972 1803 non
991 1744 1075 1803 dedit
1093 1760 1182 1803 arma
1202 1746 1272 1815 titi,-

505 1851 566 1910 Pro
581 1850 707 1925 populis
726 1848 865 1907 baculum
886 1847 1005 1921 cepisti,
1022 1853 1131 1921 pastor
1152 1853 1185 1905 ut
1203 1865 1296 1921 esses,

440 1972 477 2012 ns
578 1951 643 2010 Non
665 1955 698 2009 at
717 1966 785 2009 enm
800 1949 923 2024 populis
943 1947 1021 2007 bella
1042 1955 1169 2008 cruenta
1188 1967 1298 2024 peras:

506 2052 566 2113 Nos
587 2053 640 2111 tibi
658 2068 748 2127 quam
769 2053 952 2123 iustumne,
975 2067 1066 2124 quam
1087 2068 1141 2110 nos
1161 2052 1268 2114 moire
1284 2055 1434 2130 fatemur,

577 2154 643 2215 Non
660 2157 791 2214 volumus
811 2162 947 2212 sanctam
968 2168 1027 2213 non
1044 2156 1163 2215 soluisse
1178 2155 1285 2226 paen,-

510 2257 554 2318 Ta
576 2257 663 2317 modo
679 2274 717 2328 ne
734 2258 857 2315 nimium
878 2255 960 2315 nobis
980 2258 1117 2330 rasurae,
1139 2272 1194 2315 nee
1216 2275 1347 2332 unquam

439 2380 477 2420 no
576 2360 728 2419 Externos
749 2359 883 2419 dominos
899 2360 930 2417 in
953 2374 1019 2416 urea
1037 2359 1106 2416 iura
1128 2373 1210 2417 voca.

510 2461 554 2521 Tu
575 2478 689 2537 quoque
708 2478 746 2521 ne
762 2461 880 2533 dubita,
901 2462 991 2535 repni
1004 2476 1083 2534 pars
1101 2462 1211 2533 optima
1224 2464 1340 2535 nostri,

582 2564 666 2624 Utilis
687 2558 728 2623 ἐκ
748 2565 840 2623 multo
859 2567 951 2638 parte
971 2563 1094 2636 querela
1111 2566 1238 2621 tuaest:

504 2664 651 2739 Indt'pnos
671 2681 801 2739 reputare
822 2665 903 2724 doles
922 2672 951 2724 et
966 2665 1094 2723 Romula
1114 2664 1219 2723 scribis

440 2788 477 2829 in
577 2767 682 2837 Nescio
702 2781 759 2840 quo
778 2769 885 2825 misere
904 2767 1028 2841 prodita
1046 2782 1142 2840 repna
1161 2766 1247 2835 dolo‚·

515 2870 600 2929 Venit
616 2869 655 2928 ab
671 2868 795 2928 occiduo
816 2871 869 2942 qui
887 2874 914 2927 te
933 2869 1080 2928 convellat
1097 2866 1201 2940 Ibero,

579 2971 659 3030 Hine
688 2970 812 3029 Venetus
830 2976 934 3044 partes
955 2970 1080 3044 obrepsit,
1100 2969 1170 3027 inae
1185 2969 1295 3044 Lipur,

507 3073 649 3147 Quodque
663 3073 768 3146 napis
787 3072 893 3144 miror,
911 3072 1089 3146 prcedmrin
1113 3071 1346 3133 Graciatutom

441 3197 478 3238 us
577 3175 643 3234 Νοη
663 3176 746 3247 sinit,
767 3173 838 3234 hiae
850 3176 954 3248 pranis
973 3180 1017 3233 est
1036 3173 1138 3248 Illyris
1159 3191 1214 3233 ora
1237 3177 1304 3246 troi·

507 3278 624 3353 Aspicis
644 3293 765 3337 euersas
781 3277 927 3350 quosaam
949 3283 978 3336 et
994 3277 1058 3337 sine
1080 3276 1223 3336 moniam
1245 3280 1332 3340 urbes

576 3379 781 3454 Squalidaque
798 3378 924 3451 informi
941 3381 1029 3453 sipna
1051 3385 1164 3438 vetusta
1184 3382 1256 3454 situ,

505 3482 655 3555 Etanna,
677 3483 803 3541 materia
825 3484 991 3556 quoderat
1006 3484 1123 3556 potiore
1144 3483 1318 3556 dolendum,

440 3604 476 3645 ιω
575 3584 613 3642 In
631 3585 746 3658 premio
769 3585 887 3644 claudis
909 3585 1026 3644 Gallico
1041 3591 1143 3644 costra
1163 3592 1221 3645 tuo.

506 3688 581 3760 Fer,
603 3686 719 3758 confide
738 3686 806 3759 deo,
827 3703 918 3761 spera
937 3687 1024 3765 bene,
1044 3687 1159 3746 lubrico
1181 3704 1334 3761 utinquam

577 3788 713 3847 Fortuna
735 3789 766 3846 in
787 3804 900 3849 summo
919 3789 1047 3848 cardine
1069 3797 1150 3848 stare
1169 3796 1277 3865 potest,

504 3891 629 3966 Semper
649 3896 678 3948 et
696 3906 716 3947 a
734 3894 836 3965 prima
858 3894 1006 3966 serpentis
1027 3893 1143 3966 oripine
1164 3893 1267 3951 Romo²

439 4012 476 4053 rso
575 3991 830 4064 Fortunoesaeies
850 3993 990 4066 nonfuit
1010 4010 1072 4053 una
1094 3994 1158 4054 titi:

504 4095 636 4170 Europae
651 4100 740 4176 atqua
758 4095 837 4155 Asine
857 4096 996 4156 domuisti
1012 4103 1041 4156 ct
1062 4095 1178 4156 Punica
1199 4115 1310 4176 renna,

576 4199 639 4277 An,
662 4214 748 4272 rapo,
771 4198 851 4272 quoti
865 4199 984 4272 pudeat
1003 4200 1105 4259 dicere
1121 4216 1217 4274 passa
1238 4198 1335 4262 ninii?

504 4298 611 4377 Aspice
629 4299 782 4373 foedantes
803 4289 962 4360 incensam
975 4300 1109 4361 Senonm
1131 4303 1233 4363 arbem

437 4424 475 4463 uo
574 4403 761 4477 Patricioque
776 4409 882 4479 putres
903 4405 1050 4476 sonpuine
1071 4413 1153 4466 stare
1169 4410 1243 4465 oios.

506 4503 585 4575 Ouid
604 4520 760 4565 memorem
781 4508 873 4565 lectas
889 4522 970 4580 sa‘pe
988 4508 1121 4567 amisisse
1143 4508 1293 4580 cohortes,
1336 4510 1339 4515 '

576 4605 670 4677 Quale
691 4607 743 4667 tibi
760 4610 897 4683 imposuit
916 4607 1036 4667 Samnis
1060 4626 1173 4684 aquosa
1195 4612 1310 4682 iopam,

419 4925 452 4960 ¹¹⁰
469 4928 609 4979 Poecimus
622 4932 647 4979 2.
701 4926 733 4961 ¹¹³
747 4927 853 4980 claveis
868 4932 942 4981 3...5.
978 4928 1105 4993 promisit
1118 4930 1175 4981 M.
1235 4927 1267 4963 ¹¹⁵
1279 4929 1386 4996 poculis
1399 4929 1472 4994 5.(!)
1533 4927 1647 4981 ¹¹⁰mea

348 5028 438 5080 regna
456 5014 572 5065 v.3...5.
625 5012 839 5079 ¹²¹Tu1naua.
881 5014 914 5049 ¹2⁴
932 5015 1033 5066 Nescio
1053 5016 1098 5065 eui
1116 5033 1150 5066 m.
1167 5018 1238 5068 3...5.
1281 5015 1314 5050 ¹²⁸
1330 5019 1426 5084 Lygur
1438 5020 1462 5066 2.
1504 5014 1646 5081 ¹³⁰Squnl·

350 5098 462 5163 lidaque
477 5100 553 5150 3...5.
624 5098 656 5134 ¹³⁵
674 5101 770 5165 orgine
783 5102 808 5152 5.
879 5099 909 5133 ¹⁴¹
932 5100 997 5169 sape
1009 5102 1041 5187 ²⁸.
1054 5103 1092 5152 sie
1109 5102 1207 5170 ubique.
