4067 6209
466 736 538 809 108
640 752 765 803 XXXVI.
784 760 804 803 1.
818 766 953 802 srrsrobn
966 766 1003 801 Ab
1015 766 1229 804 unumunurn
1242 770 1308 804 CAES.
1323 769 1426 804 Imm
1439 770 1573 806 rwrrcu.

614 924 657 985 Ab
679 924 765 991 sinis,
788 923 867 984 rrnde
887 922 940 984 tibi
963 930 1076 984 constat
1097 941 1264 1005 nomenque
1286 925 1446 1005 decusque,

559 1051 584 1091 52
684 1024 850 1095 Quemlibet
871 1026 974 1085 iniecta
998 1032 1201 1087 contemerare
1223 1029 1330 1088 mauri?

616 1127 648 1188 ln
671 1146 734 1188 mea
758 1128 900 1205 indilragi
923 1135 1094 1204 grassantur
1114 1132 1226 1190 uiscera
1249 1129 1332 1198 Galli,

686 1229 731 1290 lle
753 1229 862 1289 lacerat
885 1228 1010 1290 l'enctus
1032 1234 1279 1310 persequiturque
1302 1232 1386 1302 latro,

613 1331 697 1391 Venit
719 1331 755 1391 ab
778 1332 901 1392 occidue
924 1333 974 1411 qui
996 1351 1044 1392 me
1068 1332 1210 1394 convellat
1233 1334 1327 1404 lbere,

557 1458 582 1498 sa
684 1433 719 1492 Et
740 1440 855 1511 partem
877 1433 914 1493 de
936 1452 983 1493 me
1006 1436 1100 1512 carpit
1121 1435 1243 1496 adustus
1265 1437 1348 1505 diem

612 1535 760 1596 lnlrantur
782 1534 888 1595 Danais
909 1542 1017 1596 nostrae
1038 1536 1228 1613 pradonibus
1250 1538 1349 1609 urbes,

683 1638 813 1716 Appetor
835 1636 938 1717 illyriis
960 1636 1150 1718 Helvetieque
1172 1642 1251 1701 iero:

612 1741 704 1802 Nemo
727 1740 831 1819 quaerit
846 1757 924 1826 'opes
946 1757 1034 1818 quem
1057 1758 1116 1801 non
1138 1761 1204 1803 mea
1225 1744 1344 1821 premia
1368 1749 1496 1821 pascant,

558 1864 584 1905 so
684 1842 744 1904 Nec
766 1842 842 1921 sapit
863 1842 911 1903 bic
933 1844 1065 1921 quinon
1088 1842 1157 1904 ltala
1179 1861 1270 1923 regna
1293 1848 1373 1923 petit.

612 1945 686 2016 Quid
710 1945 804 2005 dicam
828 1962 943 2005 eversas
965 1944 1100 2023 collapsis
1123 1947 1268 2008 munibus
1291 1947 1389 2017 urbes,

683 2045 759 2117 Quid
782 2064 944 2107 memorem
966 2048 1046 2107 lcrro
1069 2046 1195 2125 plurima
1217 2058 1246 2110 et
1267 2050 1334 2128 igne
1356 2052 1425 2129 peti,

611 2150 668 2210 dut
689 2148 820 2227 neglecta
842 2150 900 2210 situ
920 2156 1054 2210 ueterum
1076 2150 1182 2212 decora
1205 2150 1261 2212 alta
1283 2159 1448 2230 parentum,

556 2275 582 2315 cr
680 2251 832 2313 Dissimilis
854 2253 982 2330 primum
1004 2270 1083 2313 nunc
1106 2270 1161 2331 ego
1183 2255 1257 2314 lacta
1281 2256 1357 2315 meil

610 2354 746 2416 Thnscus
767 2354 940 2415 honoratam
965 2361 1044 2415 tenet
1065 2356 1217 2416 usurarius
1238 2357 1354 2426 urbem,

682 2458 754 2517 Tota
771 2456 926 2517 Fluentino
949 2463 993 2517 est
1014 2457 1128 2535 prodita
1152 2458 1245 2519 Roma
1267 2458 1345 2519 dolo.

498 2610 504 2628 q
611 2559 651 2620 lla
674 2560 787 2620 veniam
809 2560 833 2618 si
856 2558 976 2619 liberius
999 2559 1068 2637 quid
1091 2560 1193 2620 dixero
1216 2561 1253 2622 de
1275 2568 1319 2622 le:

556 2683 581 2724 es
681 2659 821 2731 Quaerere
843 2659 989 2721 debueras
1011 2661 1082 2731 ista,
1106 2668 1207 2722 tenere
1228 2681 1328 2742 negas.

610 2764 640 2823 Si
663 2772 761 2824 tamen
784 2764 871 2823 instat
893 2762 989 2823 adbuc
1011 2764 1073 2823 istis
1095 2764 1181 2841 digna
1204 2763 1275 2825 ultio
1300 2766 1391 2834 iactis,

681 2866 741 2925 Nec
764 2884 811 2925 rue
833 2873 977 2943 perpetuo
999 2867 1114 2944 spernis
1137 2853 1283 2945 opemque
1305 2869 1397 2936 feres:

610 2970 690 3028 Etsi
713 2967 756 3027 vel
780 2985 847 3026 sero
869 2985 1011 3045 agnosces
1033 2969 1187 3046 studioque
1210 2971 1343 3039 moraris,¹

554 3092 579 3131 rc
680 3071 722 3130 Sit
744 3068 806 3130 leve
828 3067 872 3129 vel
895 3075 973 3131 tanta
996 3077 1098 3132 mesta
1121 3069 1222 3131 tulisse
1244 3090 1341 3132 mora:

609 3172 652 3233 Ne
674 3179 828 3232 contemne
851 3172 955 3242 modo,
978 3171 1097 3233 tulerim
1119 3172 1237 3233 dillerrc
1259 3181 1303 3233 tet
1324 3193 1425 3243 annos,

679 3274 861 3334 Subtrabcre
883 3275 1002 3353 indigno
1024 3293 1115 3353 regna
1138 3275 1239 3335 Latina
1262 3278 1346 3354 iugo:

608 3378 679 3448 Quae
701 3378 820 3436 veniunt
841 3376 932 3446 lente,
954 3379 1074 3438 venicmt
1095 3385 1208 3445 taureis:
1232 3396 1319 3439 ornne
1342 3379 1485 3456 rependet

552 3506 577 3544 ss
677 3480 813 3540 Tristities
835 3487 952 3557 tempus
973 3478 1067 3539 latior
1088 3498 1146 3539 uua
1169 3480 1240 3540 dies

608 3584 668 3644 Sed
689 3582 764 3642 nolis
786 3600 903 3642 causam
926 3583 1093 3660 producere
1116 3583 1145 3641 in
1167 3580 1282 3660 longius
1304 3584 1403 3644 istam:

679 3685 822 3764 llesperat
843 3685 975 3763 quisquis
996 3691 1096 3762 sperat
1118 3692 1240 3763 aretque
1263 3686 1321 3746 diu.

606 3787 651 3848 Tu
674 3788 759 3846 toties
781 3787 872 3845 victos
895 3787 924 3845 in
945 3794 975 3846 te
997 3804 1177 3864 consurgere
1199 3786 1306 3857 Gallos,

550 3911 576 3950 so
675 3889 720 3948 Tu
742 3888 812 3947 sinis
833 3888 897 3948 baec
919 3887 1046 3948 Venetos
1067 3891 1244 3969 surripuisse
1266 3890 1327 3959 tibi,

608 3992 667 4052 Nee
690 3990 784 4068 gentis
805 3989 911 4050 virtute
932 3997 989 4049 tuae
1012 3991 1148 4070 famaque
1171 3993 1305 4060 oloveris,

678 4090 772 4160 Quam
794 4081 914 4150 memini
936 4090 1034 4151 Latios
1056 4095 1241 4170 pertimuisse
1262 4094 1380 4172 patres?

557 4215 559 4218 ·
606 4192 699 4262 Quam
722 4209 777 4269 pro
800 4210 861 4260 me,
885 4210 922 4251 ne
944 4193 981 4252 sit
1002 4195 1158 4255 Germania
1181 4198 1285 4257 tortior
1307 4198 1337 4256 in
1359 4215 1417 4266 me,

552 4316 576 4355 sc
675 4293 744 4353 llaec
767 4294 844 4353 venit
866 4294 1001 4370 auspiciis
1024 4296 1101 4356 lama
1123 4299 1231 4359 tuenda
1254 4299 1326 4359 tuis:
1488 4277 1492 4284 ἱ

566 4445 571 4452 .
605 4396 638 4457 ln
660 4415 708 4457 me
730 4393 876 4455 terribiles
897 4395 995 4457 iecere
1016 4398 1144 4476 ingentia
1167 4399 1295 4479 Cymbri,

677 4498 778 4558 Sentio
799 4496 968 4559 Teutonicae
989 4517 1070 4560 nune
1091 4519 1209 4581 quoque
1231 4503 1306 4563 iacta
1329 4520 1443 4572 manus,

521 4668 542 4701 ⁵³
562 4666 676 4734 ioediird
696 4674 823 4734 raptores
837 4671 932 4720 3...5.
1002 4667 1025 4701 ⁵⁶
1041 4671 1100 4722 Nec
1117 4673 1338 4738 persHesperiae
1358 4677 1402 4723 est
1419 4672 1469 4721 sub
1489 4672 1559 4722 dirce
1577 4684 1665 4736 perne
1683 4670 1748 4719 mei.

453 4760 529 4809 3...5.
610 4753 631 4785 ω
649 4755 791 4819 premisl.
872 4753 895 4786 ⁶⁵
911 4755 1039 4806 Theseus
1057 4772 1139 4822 opum
1156 4772 1247 4808 vacus
1265 4763 1403 4808 mercator
1420 4762 1520 4822 regnet
1538 4757 1567 4806 in
1584 4756 1653 4805 urbs
1673 4758 1747 4804 3...5.

452 4842 474 4876 *θ
491 4841 632 4892 Fluentin.
651 4840 800 4907 infrequens
814 4841 901 4903 forma
917 4844 1023 4891 uonrc'nie
1034 4841 1186 4893 Florentin.
1256 4842 1278 4874 ⁶⁸
1297 4844 1418 4905 cherere
1432 4846 1458 4892 2.
1527 4838 1550 4874 '¹⁴
1568 4839 1747 4906 Subtrsbere]

452 4928 493 4977 'l'e
512 4927 677 4991 rspere1.2.
758 4924 934 4991 ”rependit
950 4928 974 4976 1.
1061 4924 1269 4992 '¹⁶Trilticiq2.
1351 4927 1534 4993 ⁷⁷S.n.0pns
1552 4927 1618 4977 hine
1636 4926 1749 4976 differre

453 5012 472 5061 i.
485 5012 504 5061 1.
517 5010 590 5061 istud
604 5013 678 5062 3...5.
763 5007 1038 5076 ⁷⁸Dil'pereat2...5.
1091 5026 1132 5077 sp.
1152 5009 1281 5077 aretque]
1305 5010 1397 5078 iperet
1416 5013 1521 5064 hebere
1544 5016 1601 5063 m.
1655 5016 1750 5075 speret

454 5099 574 5160 ausique
588 5098 662 5147 s...5.
723 5094 745 5130 ⁸⁴
763 5092 891 5161 sulpitiis
904 5098 928 5148 1.
986 5097 1008 5130 ⁸⁸
1026 5096 1143 5148 Romula
1154 5096 1324 5149 Teutonicus
1341 5097 1462 5165 perculit
1479 5114 1557 5149 arms
1575 5099 1658 5148 furor.
1673 5099 1748 5148 3...5.
