4067 6209
471 820 581 877 cxxii.
600 835 705 875 assem
718 834 780 873 aon.
794 833 831 872 sn
845 833 926 869 uvir.
941 832 977 870 na
991 829 1086 869 uncus
1100 794 1175 866 uano
1189 830 1231 867 aa.
1250 829 1276 866 u.
1290 820 1325 863 is.
1339 827 1397 865 1vu.
1412 818 1470 864 isto.
1545 797 1619 873 283

322 1000 460 1078 protinus
481 1003 534 1056 aut
553 996 688 1055 medetur
709 999 763 1053 aut
783 993 938 1066 componit.
982 1007 1076 1065 neque
1101 1004 1268 1065 quenquam
1295 1003 1427 1061 unquam
1454 989 1566 1049 dimisit
1591 996 1624 1052 ut

324 1103 476 1161 inimicum
498 1104 552 1156 aul
571 1105 606 1156 ut
629 1097 775 1155 inimicus.
819 1097 889 1168 puin
912 1093 1001 1152 bidus
1023 1094 1126 1153 domas
1147 1091 1255 1165 fatalis
1276 1092 1415 1165 paredam
1434 1094 1550 1152 videtur
1567 1094 1622 1167 se-

324 1206 438 1275 licitas,
468 1204 499 1260 in
524 1215 584 1275 qua
611 1214 695 1258 nemo
721 1199 795 1257 arisit
821 1199 874 1271 qui
897 1212 955 1254 non
977 1201 1138 1270 provectus
1163 1196 1203 1252 sii
1222 1193 1433 1265 admeliorem
1459 1194 1623 1269 fulanam,

325 1308 426 1366 nullus
456 1318 588 1377 inaquam
616 1303 708 1359 ullam
732 1298 829 1371 sama
858 1298 953 1356 labem
978 1299 1139 1356 corttrasit.
1188 1298 1258 1370 quin
1286 1298 1337 1354 via
1373 1298 1448 1356 ullos
1478 1302 1623 1373 reperias,

304 1406 431 1483 bquibus
457 1407 501 1465 sic
527 1406 697 1464 conticuerit
718 1417 785 1459 cum
813 1406 924 1472 matre,
953 1405 985 1458 ut
1008 1399 1078 1459 buic
1098 1414 1164 1458 cum
1189 1414 1330 1470 notiaco,
1355 1414 1426 1457 nam
1450 1408 1540 1474 pater
1563 1404 1623 1461 iam

326 1510 454 1567 alteram
473 1506 651 1575 induxerat,
673 1510 829 1576 unamque
849 1519 908 1561 non
929 1504 1027 1561 minus
1049 1504 1204 1561 adamavit
1224 1517 1261 1560 ac
1279 1507 1422 1587 matrem,·
1454 1519 1550 1577 nuper
1572 1506 1623 1562 in·
1674 1522 1676 1527 ·

327 1610 417 1670 duait
437 1612 567 1679 tertiam,
586 1607 651 1664 bac
669 1605 775 1664 Morus
797 1612 898 1663 sancte
921 1604 1037 1664 deierat
1061 1621 1092 1664 se
1120 1605 1196 1664 nibil
1218 1619 1349 1678 unquam
1377 1604 1485 1664 vidisse
1511 1608 1622 1665 melius.

327 1711 423 1771 Porro
449 1726 524 1783 erpa
546 1716 689 1784 parentes
717 1723 754 1766 ac
779 1693 886 1766 liberes
913 1722 1087 1781 sororesque
1114 1709 1157 1766 sic
1180 1705 1307 1779 affectas
1334 1712 1390 1777 est,
1418 1714 1451 1765 ut
1471 1724 1526 1767 nec
1547 1716 1693 1775 ametuss.

328 1816 446 1872 moleste
467 1827 521 1870 nec
541 1827 665 1885 murram
694 1810 771 1868 desit
791 1807 893 1881 officio
911 1810 1039 1883 pietatis.
1070 1808 1194 1867 Animus
1213 1819 1256 1867 est
1274 1825 1294 1867 a
1312 1808 1433 1868 sordido
1447 1812 1532 1868 lucro
1546 1813 1624 1870 alie-

296 1922 321 1963 ¹⁰
331 1918 478 1975 missimus.
521 1913 636 1973 Liberis
657 1914 718 1971 suis
744 1912 863 1969 semovit
888 1926 906 1967 e
929 1909 1126 1981 facultatibus
1154 1911 1235 1984 puod
1259 1913 1319 1970 illis
1344 1914 1415 1969 satis
1441 1928 1503 1971 esse
1521 1920 1696 1986 putamen.

330 2017 411 2094 quod
431 1999 578 2090 superest,
597 2017 726 2088 larpiter
746 2011 884 2084 effundit.
920 2012 991 2071 Cum
1011 2013 1252 2073 advocationibus
1274 2014 1375 2073 adbuc
1395 2015 1533 2086 aleretur,
1553 2018 1630 2074 nulli

330 2134 389 2177 non
411 2117 494 2176 dedit
514 2119 641 2177 amicum
660 2131 818 2189 verumque
835 2116 1003 2185 consilium,
1026 2118 1121 2188 mapis
1137 2117 1255 2174 illorum
1270 2116 1429 2175 commodis
1431 2119 1628 2204 prospiciens

331 2236 421 2296 quum
435 2222 510 2288 suis,
526 2222 680 2294 plerisque
703 2220 804 2276 solitus
824 2216 1024 2291 persuadere,
1047 2220 1091 2275 uti
1102 2218 1181 2275 litem
1198 2224 1418 2290 componerent,
1439 2212 1536 2277 minus
1549 2222 1627 2279 enim

331 2322 381 2381 bic
402 2321 473 2393 sore
495 2321 662 2395 dispendii,·
695 2320 729 2379 id
748 2321 775 2378 si
794 2320 891 2377 minus
915 2318 1105 2392 impetrabat,
1135 2326 1194 2377 tum
1222 2320 1367 2378 rationem
1393 2319 1546 2380 indicabat
1568 2338 1628 2396 qua

298 2434 323 2474 ¹⁵
328 2435 450 2499 possent
476 2439 565 2496 paam
593 2424 712 2482 minimo
739 2421 896 2494 dispendio
918 2421 1052 2493 litmaro,
1084 2420 1205 2495 quando
1230 2421 1405 2496 quibusdam
1433 2416 1483 2479 lu‘c
1511 2424 1629 2484 animus

330 2532 388 2598 est,
416 2532 448 2583 ut
474 2525 572 2583 litibus
596 2527 684 2582 etiam
706 2524 896 2581 delectentur.
939 2522 977 2579 ln
999 2521 1072 2580 urbe
1092 2521 1304 2593 Londonicnsr,
1334 2525 1364 2581 in
1386 2539 1446 2596 aaa
1468 2531 1556 2582 natus
1576 2531 1697 2597 est,§.ss.

333 2643 428 2687 annos
445 2628 557 2700 aliquot
577 2626 704 2684 iudicem
723 2626 784 2698 epit
803 2626 833 2682 in
856 2625 955 2682 causis
973 2624 1124 2691 civilibus:
1150 2625 1184 2682 id
1196 2641 1303 2683 muniis
1322 2630 1355 2684 ut
1374 2627 1525 2685 minimum
1543 2627 1632 2685 babet

332 2730 445 2798 oneris,
469 2723 552 2807 (nam
574 2743 631 2785 non
654 2727 774 2785 sedetur
796 2728 856 2785 nisi
876 2726 925 2784 die
945 2726 1025 2785 Iovis
1045 2743 1137 2801 nsque
1157 2728 1200 2784 ad
1217 2721 1398 2807 prandium)
1424 2729 1466 2786 ita
1493 2731 1631 2804 cumpri-

333 2832 389 2888 mis
410 2830 602 2901 bonorificum
624 2829 758 2887 babetur.
797 2844 881 2886 nemo
899 2830 1004 2902 plures
1025 2845 1135 2888 causas
1157 2828 1292 2901 absolvit,
1315 2845 1399 2889 nemo
1420 2845 1452 2888 se
1469 2834 1562 2903 pessit
1579 2834 1631 2890 in-

299 2934 463 3004 mteprius,
485 2934 609 2989 remissa
628 2933 780 3006 plerisque
798 2933 927 3006 pecunia
949 2947 1038 3005 quam
1060 2948 1100 2989 ea
1117 2934 1299 3006 prescripto
1313 2931 1418 2990 debent
1431 2934 1484 3006 qai
1498 2935 1631 3006 litipant:

332 3034 479 3107 squidem
505 3039 574 3091 ante
602 3034 660 3092 litis
686 3035 923 3091 contestationem
950 3041 1035 3091 actor
1062 3034 1183 3107 deponit
1214 3050 1269 3091 sea
1297 3033 1473 3106 dracbmas,
1514 3037 1630 3101 totidem

333 3151 418 3205 reus,
449 3151 504 3193 nec
523 3137 652 3208 amplius
673 3137 830 3208 quicquam
848 3132 903 3205 sas
925 3141 969 3192 cst
988 3137 1121 3208 ccipere.
1166 3134 1222 3192 His
1243 3135 1372 3193 moribus
1392 3133 1503 3207 effecit,
1533 3145 1565 3195 ul
1584 3134 1701 3196 ΝΜ·

334 3238 420 3295 vilati
446 3253 509 3294 sace
535 3239 620 3308 lonpe
646 3236 839 3295 cbarissimus
865 3241 949 3294 esset.
999 3235 1180 3295 decreverat
1204 3242 1301 3294 aretem
1329 3236 1389 3295 bac
1412 3235 1540 3308 fortuna
1571 3253 1633 3296 esse

334 3342 502 3407 contentus,
531 3354 598 3410 perce
623 3344 652 3395 et
677 3340 749 3395 salis
776 3337 897 3396 liaberet
917 3339 1085 3395 autoritatis
1112 3353 1167 3396 nec
1192 3346 1288 3397 tomen
1315 3343 1390 3397 essct
1409 3339 1553 3411 praeibas
1578 3339 1632 3397 ob-

299 3442 431 3498 nnoaia
449 3441 604 3513 periculis.
649 3438 745 3498 Semel
770 3446 857 3513 atque
884 3441 990 3498 iterum
1016 3447 1157 3498 extrusus
1181 3449 1224 3498 est
1252 3442 1283 3497 in
1305 3442 1496 3513 lepationem,
1523 3442 1634 3512 inqua

335 3558 403 3600 cum
431 3558 462 3599 se
487 3541 691 3599 cordatissime
715 3544 865 3614 pessisset,
896 3556 954 3598 ruore
980 3543 1143 3614 conquievit
1170 3543 1373 3600 serenissimus
1396 3559 1454 3601 rea
1474 3541 1633 3614 Henrkus,

335 3644 400 3702 eius
428 3644 554 3700 nominis
581 3649 713 3715 octavus,
743 3644 836 3701 dorico
864 3642 1007 3700 bominem
1034 3644 1065 3699 in
1096 3646 1196 3701 aulam
1227 3659 1312 3701 suam
1339 3644 1544 3717 pertraheret:
1578 3658 1634 3699 cur

336 3747 415 3803 enirn
437 3759 495 3801 non
516 3744 616 3803 dicam
640 3739 863 3818 ‘pertrabercl’l
895 3745 994 3801 nullus
1016 3760 1146 3817 unquam
1167 3743 1363 3803 vehementius
1391 3746 1494 3803 ambiit
1519 3746 1549 3802 in
1572 3743 1703 3800 aiv-bib·

336 3848 397 3904 lum
421 3847 538 3904 admitti
542 3891 551 3921 ,
579 3861 669 3919 paam
694 3846 742 3904 bic
762 3846 875 3903 student
893 3843 1046 3916 effupcre:
1079 3862 1179 3904 verium
1201 3863 1267 3904 cum
1290 3853 1366 3906 esset
1390 3849 1497 3921 optimo
1518 3847 1585 3919 repi
1605 3846 1635 3902 in

302 3950 440 4006 unanimo
458 3948 609 4020 familiam
631 3964 716 4005 suom
739 3946 1057 4018 eruditis,·pravibus,
1083 3948 1215 4006 cordatis
1237 3954 1267 4007 ct
1287 3951 1410 4022 intepris
1431 3950 1502 4007 viris
1524 3946 1636 4020 differ-

337 4055 397 4107 tam
419 4050 563 4118 reddere,
589 4066 655 4106 cum
678 4052 753 4109 alios
772 4051 934 4124 permultos
956 4056 1016 4106 tum
1029 4049 1147 4108 aluam
1168 4052 1199 4109 in
1215 4053 1322 4126 primis
1345 4053 1464 4121 accivit,
1487 4066 1571 4124 arcem
1594 4050 1638 4108 sic

338 4154 368 4209 in
392 4153 501 4208 intimis
522 4151 662 4209 bramton
684 4169 703 4208 a
725 4169 756 4209 sc
777 4167 931 4224 neutiquam
948 4152 1087 4225 patiatur
1110 4153 1281 4224 discederc;
1310 4157 1371 4213 sine
1390 4156 1476 4213 seriis
1497 4152 1636 4212 utendum

337 4260 394 4324 est,
422 4254 496 4312 nibil
516 4256 567 4312 illo
589 4256 763 4324 consultius,
793 4256 853 4312 sive
878 4256 970 4312 vistim
997 4259 1042 4311 est
1065 4258 1133 4327 rapi
1155 4255 1271 4328 sabiclis
1293 4256 1504 4316 amoenioribus
1526 4256 1636 4312 lauare

338 4359 486 4428 animum,
515 4358 596 4414 utillo
624 4371 720 4414 comcs
744 4354 889 4426 festivior.
932 4371 1013 4429 scope
1035 4373 1083 4413 res
1103 4358 1211 4415 ardua
1228 4359 1355 4418 iudicem
1374 4374 1498 4432 pravom
1518 4362 1547 4415 ci
1564 4356 1704 4414 cor-iii·

303 4459 443 4516 udaium
463 4460 630 4533 postulunt:
662 4457 718 4515 lens
746 4460 789 4515 sic
817 4457 922 4514 Morus
949 4457 1084 4529 discutit,
1114 4467 1146 4517 ut
1172 4465 1300 4533 utraque
1321 4477 1399 4534 pars
1426 4459 1535 4518 babent
1558 4473 1638 4530 pra-

339 4562 430 4627 tiam,·
462 4578 516 4619 nec
538 4566 635 4618 tamen
658 4560 696 4617 ab
716 4577 750 4617 ev
772 4562 925 4632 quisquam
953 4560 1136 4632 impctdavit,
1164 4567 1197 4618 ut
1215 4571 1322 4619 munus
1344 4578 1363 4617 a
1386 4575 1533 4635 quoquam
1553 4559 1637 4616 acci-

334 4670 441 4735 peret:
470 4661 577 4733 felices
598 4661 815 4735 respublicas,
844 4663 872 4718 si
892 4660 974 4718 Mori
993 4663 1103 4719 similes
1124 4664 1317 4734 mapistrntus
1342 4663 1448 4735 ubique
1470 4662 1639 4735 preficeret

336 4766 490 4838 princeps.
526 4780 581 4823 uec
603 4766 719 4822 inierim
742 4765 833 4822 ullum
856 4763 980 4820 accessit
999 4765 1207 4837 supercilium:
1229 4764 1306 4821 inter
1328 4769 1426 4821 tantas
1448 4764 1706 4836 nepociorumsvr.

339 4867 429 4923 moles
460 4871 488 4923 et
516 4873 642 4925 veterum
668 4867 864 4924 denticulorum
892 4865 1036 4938 meminit,
1066 4871 1094 4923 el
1121 4865 1164 4923 ad
1189 4866 1292 4924 literas
1323 4865 1483 4924 adamatus
1515 4864 1639 4923 subinde

407 5083 774 5160 ²in1111,a11t11tomi.s.7.8.
816 5081 970 5147 ³qu07.8.
1012 5083 1155 5148 profectus
1170 5087 1227 5135 m.
1238 5088 1262 5135 8.
1311 5083 1638 5135 ⁴fameridt'cuioerrore

341 5172 400 5220 7.8.
436 5169 679 5239 ’imquamdsqp
717 5169 739 5203 ¹⁰
751 5168 776 5237 e]
791 5176 820 5220 et
831 5170 890 5219 7.8.
927 5167 1223 5226 ¹⁶L0ndinieusio...8.
1259 5171 1279 5204 ²¹
1293 5175 1375 5224 sexi.
1396 5172 1463 5224 trois
1474 5186 1497 5223 s.
1509 5172 1566 5224 bros
1578 5173 1637 5220 ceti.
