4067 6209
408 804 543 854 cxxxu.
565 821 697 855 iaruman
711 820 789 853 reru.
804 821 838 854 ne
852 821 955 855 musas
971 821 1023 855 ruo
1037 821 1215 857 ruauaursuo
1229 824 1377 860 APOLOGIA.
1400 817 1458 860 tatu.
1508 797 1581 869 293

286 975 360 1033 iram
383 974 505 1043 metuis,
529 993 617 1052 pram
639 975 756 1033 interim
780 976 955 1051 potentiam,
985 996 1059 1056 quas
1081 978 1171 1047 vires,
1200 997 1265 1057 quae
1287 980 1451 1042 Germaniae
1473 981 1581 1045 robora

288 1088 434 1140 commota
458 1079 580 1148 reddas,
604 1099 663 1158 quo
686 1098 743 1138 non
768 1080 880 1139 invidiae
902 1081 975 1147 iam,
999 1080 1051 1140 sed
1074 1099 1133 1158 quc
1156 1081 1331 1141 discriminis
1352 1084 1439 1143 ctiam
1454 1085 1582 1163 adducas

288 1201 357 1241 eum
381 1183 426 1241 cui
449 1183 492 1241 sic
513 1182 681 1258 importune
705 1180 851 1241 consulis?
879 1182 958 1259 atqui
988 1181 1142 1241 consutae
1164 1201 1222 1241 uon
1247 1190 1291 1242 est
1312 1183 1439 1245 reddere
1461 1185 1651 1245 invidio-§db

286 1303 366 1352 snm,
392 1285 488 1343 iacere
511 1283 670 1342 obnoxium
694 1284 775 1351 odio,
799 1301 923 1343 onerare
946 1282 1116 1349 inimicitiis:
1147 1283 1301 1344 consulere
1322 1303 1381 1344 non
1403 1294 1447 1345 est
1461 1288 1484 1346 si
1501 1288 1584 1348 cuius

264 1386 408 1444 ⁵nominc
431 1384 587 1445 valentium
611 1385 761 1444 bominum
786 1386 945 1461 potentiam
968 1385 1080 1452 irriteS,
1103 1387 1296 1449 intensionem
1319 1405 1448 1465 quaeras,
1472 1366 1582 1449 beilum

289 1487 407 1546 excites.
444 1495 548 1563 ‘neque
571 1486 622 1546 tibi
645 1493 689 1546 est
710 1485 783 1555 hoe,
812 1487 947 1564 inquam,
978 1486 1150 1555 consulere,
1170 1505 1266 1566 neque
1288 1487 1344 1553 ilii:
1380 1490 1431 1548 scd
1454 1489 1506 1548 tibi
1528 1491 1582 1549 im·

288 1588 391 1664 primis
421 1588 633 1664 perniciosum:
671 1606 774 1647 verum
802 1595 846 1646 est
875 1588 951 1647 cuim
982 1594 1065 1647 retus
1099 1588 1248 1666 adagium,
1283 1588 1400 1650 ‘Malum
1429 1590 1582 1651 consilium

288 1687 448 1748 consultori
472 1688 648 1764 pessimum’.
686 1689 769 1760 Quod
793 1690 828 1748 ad
851 1688 931 1749 iilum
955 1690 1097 1766 pertinet,
1121 1689 1204 1750 valde
1220 1691 1410 1751 conveniebat
1432 1699 1460 1751 te
1482 1690 1650 1752 vinnoco·

287 1789 358 1866 qnid
387 1790 527 1849 suaderes
555 1790 581 1848 ei
609 1791 655 1849 eui
684 1790 725 1848 sic
753 1790 898 1850 obnoxius
925 1810 971 1860 es,
1001 1799 1034 1851 ut
1057 1793 1165 1868 optima
1189 1791 1310 1861 debeas,
1340 1793 1445 1870 quidve
1468 1812 1522 1871 pro
1541 1781 1600 1854 eo'

250 1892 377 1951 ¹⁰iacias
400 1892 449 1969 qui
465 1908 519 1967 pru
541 1890 705 1968 periculum
728 1890 812 1951 (lecet
834 1891 914 1953 adire
930 1900 972 1960 te,
996 1910 1055 1951 non
1078 1895 1160 1970 quasi
1183 1912 1217 1953 ex
1240 1911 1274 1953 re
1296 1893 1352 1952 boc
1374 1895 1465 1971 ipsius
1493 1896 1582 1955 tuerit

287 1993 450 2071 pericnlum
474 1994 500 2051 ei
522 2010 684 2052 accersere.
729 1993 892 2062 Quinetiam
917 2001 948 2053 nt
970 1993 1068 2053 videas
1090 1994 1183 2073 qualis
1211 2013 1265 2072 ego
1293 1994 1443 2055 consuitur
1471 1997 1525 2057 sim
1552 1997 1649 2056 eti-³⁶·

287 2115 374 2173 ipram
398 2113 456 2154 non
480 2095 646 2171 permittam
669 2101 698 2153 te
721 2096 749 2153 in
773 2113 906 2155 errorem
929 2096 1077 2156 adducere
1100 2115 1167 2156 eum
1191 2097 1237 2156 cui
1261 2087 1345 2156 etiam
1365 2115 1412 2156 me
1428 2079 1581 2158 consiiitfm

286 2197 357 2256 dare
379 2197 533 2273 perducet,
564 2197 691 2274 primum
714 2198 781 2274 quia
813 2196 994 2257 Francorum
1024 2199 1185 2275 principem
1214 2216 1356 2275 agnosco,
1386 2197 1491 2258 deinde
1514 2200 1581 2277 quia

287 2318 346 2357 non
369 2305 499 2358 extrema
522 2297 670 2357 affinitatis
698 2296 772 2356 linea
796 2296 892 2365 ilium,
922 2306 1175 2377 quantusquantus
1205 2308 1264 2369 cst,
1293 2300 1417 2377 attingo,
1447 2300 1520 2359 adeo
1549 2308 1582 2360 ut

252 2404 385 2460 ¹⁵tecrrm
409 2398 651 2476 expostulandum
675 2418 690 2456 a
714 2418 761 2458 me
784 2400 892 2468 veniat,
921 2400 958 2459 dc
981 2407 1032 2459 tuo
1060 2400 1136 2460 sacto
1159 2399 1203 2460 rei
1230 2399 1349 2460 alterius
1372 2397 1504 2461 nomine:
1533 2402 1648 2461 dium

286 2502 373 2570 nribi,
402 2520 461 2579 quo
491 2501 569 2577 rapis
597 2500 809 2577 pientissimum
841 2502 1026 2579 episcopum.
1061 2504 1246 2561 innocentem
1276 2501 1458 2563 Francorum
1487 2503 1581 2562 domi·

285 2605 374 2663 num?
404 2621 462 2680 qrru
485 2603 564 2679 rapis
586 2602 703 2661 atiirrem
727 2620 825 2662 meum
848 2603 1030 2680 principem?
1059 2604 1163 2662 curin
1187 2603 1344 2662 discrimen
1366 2602 1505 2662 abducis?
1528 2621 1582 2662 cur

285 2706 312 2763 ei
335 2705 384 2782 qui
407 2706 518 2762 otiosus
545 2722 609 2763 esse
637 2709 748 2779 potest,
778 2705 928 2780 negotium
952 2704 1089 2764 facessis?
1121 2722 1175 2763 cur
1197 2705 1223 2762 ci
1246 2704 1295 2782 qui
1317 2701 1513 2781 tranquillum
1530 2703 1581 2762 ba·

285 2805 351 2871 bet,
374 2812 579 2883 tempestatem
602 2804 734 2863 inducis?
769 2823 823 2864 eur
845 2790 941 2866 rebus
956 2806 1031 2865 mire
1053 2804 1173 2883 placidis
1201 2810 1230 2864 et
1257 2806 1426 2881 cumpositis
1450 2809 1481 2864 tu
1504 2804 1580 2864 serii·
1640 2879 1646 2887 ι

247 2913 275 2952 ²⁰
285 2907 395 2965 tionem
425 2924 538 2973 mores,
569 2913 601 2966 tu
629 2905 733 2964 toritas
762 2906 891 2964 excitas?
923 2906 1007 2966 Disce
1029 2907 1146 2966 tandem
1168 2908 1239 2965 istos
1261 2912 1328 2965 tuos
1356 2906 1502 2965 moderari
1525 2907 1649 2965 imbus.

285 3013 385 3082 petus,
408 3008 493 3066 istam
516 3007 696 3085 praeeipitem
719 3006 837 3065 frenare
860 3008 943 3066 iram.
973 3013 1033 3068 'aut
1054 3008 1077 3067 si
1101 3008 1274 3067 constituisti
1290 3005 1361 3066 nihii
1378 3007 1483 3065 rationi
1499 3006 1579 3074 dare,

284 3108 381 3166 omnia
406 3109 555 3184 cupiditati
578 3108 756 3175 concedere,
782 3108 859 3167 ferre
882 3126 940 3167 nou
964 3110 1126 3185 poterimus
1148 3115 1180 3167 ut
1202 3108 1258 3167 boc
1279 3107 1368 3166 iacias
1383 3123 1486 3165 eorum
1503 3105 1580 3164 maio

286 3207 330 3265 rel
354 3208 483 3284 periculo
506 3209 624 3277 saltem,
649 3227 722 3286 qrrus
745 3226 830 3267 carus
852 3208 1011 3277 babemus,
1036 3227 1110 3286 quos
1132 3207 1268 3276 colimus,
1293 3206 1399 3285 quibus
1417 3206 1493 3265 bene
1508 3224 1577 3264 cun·

284 3308 393 3368 snitum
411 3308 552 3369 volumus.
591 3308 729 3385 intelligis
750 3311 840 3385 igitur
863 3316 971 3387 quanto
994 3310 1167 3387 prudentius
1189 3315 1357 3386 quantoque
1379 3326 1415 3367 er
1437 3305 1493 3366 tide
1517 3322 1647 3372 nra-§.aa

247 3412 329 3485 ²⁵gis
353 3409 502 3470 consulam
526 3430 580 3487 ego
609 3410 666 3479 ilii,
696 3412 745 3488 qui
773 3411 830 3470 buo
858 3418 940 3470 struo
968 3418 1001 3469 ut
1028 3411 1131 3469 invidia
1159 3416 1272 3469 temere
1298 3426 1351 3486 per
1377 3417 1406 3468 te
1436 3408 1578 3467 concitata

284 3513 362 3589 apud
386 3512 599 3572 confederatus
622 3518 651 3570 ct
673 3511 861 3571 Wilbeimum
890 3513 1052 3588 principem
1079 3510 1235 3576 liberetur,
1266 3527 1353 3587 quam
1376 3516 1408 3569 tu
1431 3509 1479 3587 qui
1502 3525 1577 3585 prae-

285 3621 401 3690 postera
425 3622 472 3673 tua
497 3614 629 3672 cantione
658 3614 686 3671 in
711 3612 874 3690 periculum
897 3630 991 3672 rocas.
1037 3611 1134 3681 Quare
1164 3613 1251 3671 etiarn
1278 3609 1355 3670 iilius
1382 3609 1647 3671 innocentiommo.

285 3722 384 3782 tneor,
409 3732 466 3773 nrm
483 3715 579 3773 minus
595 3733 681 3793 quam
699 3721 764 3774 tuos
780 3715 964 3790 importunos
986 3715 1113 3790 impetus
1135 3731 1257 3771 accuso:
1287 3729 1382 3789 neque
1405 3711 1481 3770 enim
1505 3709 1579 3768 scic·

286 3815 335 3873 bat
358 3816 419 3892 ipse
442 3815 511 3893 quid
535 3821 566 3873 tu
590 3815 716 3885 iaceres,
740 3833 851 3892 neque,
875 3823 907 3874 ut
930 3815 1048 3892 opinor,
1073 3814 1096 3873 si
1120 3812 1326 3890 praescivisset,
1358 3829 1417 3870 non
1439 3811 1579 3869 interces-

248 3931 351 3975 ausnm
375 3923 431 3976 tuae
454 3923 531 3975 esset
552 3917 694 3983 andaciam
728 3934 782 3975 nec
805 3916 914 3975 iactum
942 3924 1026 3976 tuum
1054 3913 1201 3992 probarit,
1233 3913 1284 3973 scd
1313 3920 1345 3972 nt
1373 3911 1474 3972 debuit
1501 3929 1579 3988 augre

285 4016 358 4076 tulit.
403 4017 530 4077 Proinde
559 4024 638 4077 metu
669 4036 771 4077 vacare
802 4017 890 4076 iubeo
920 4025 946 4076 et
975 4035 991 4074 a
1021 4015 1167 4093 periculo,
1201 4033 1259 4093 quo
1288 4022 1320 4074 tn
1351 4031 1484 4080 iuraras,
1516 4030 1580 4071 esse

285 4118 426 4187 liberum,
449 4119 597 4197 invitoque
619 4118 671 4178 tibi
695 4120 785 4196 eripio
809 4137 892 4186 enm,
924 4137 1011 4196 quem
1041 4119 1064 4176 si
1098 4136 1156 4195 quo
1178 4117 1221 4175 ris
1241 4116 1415 4193 protrahere
1438 4114 1488 4173 tibi
1512 4112 1579 4173 iice-

285 4228 345 4285 rct,
371 4221 426 4278 iam
449 4220 590 4298 perderes
611 4222 717 4279 statim.
763 4221 799 4279 At
821 4226 851 4279 tu
875 4220 992 4280 iuterim
1015 4238 1075 4297 quo
1090 4217 1162 4303 ioco
1185 4218 1234 4277 esi
1266 4217 1413 4295 qrromodo
1435 4215 1487 4274 tibi
1510 4233 1648 4283 cun-§.rt

286 4320 421 4380 suluisti?
457 4338 555 4380 noum
590 4322 683 4394 brrius,
711 4340 783 4395 erpo
820 4322 898 4399 qnml
937 4321 1163 4399 prudentissime
1199 4319 1297 4378 faeere
1330 4319 1421 4379 rideri
1453 4316 1580 4385 roiebas,

249 4423 419 4482 menmium
442 4424 549 4498 passim
572 4422 759 4481 sermonibus
780 4422 918 4499 rapidas?
952 4421 1059 4482 ‘Liber'
1082 4423 1124 4481 ais
1148 4433 1212 4498 ‘ego
1234 4419 1318 4480 sum’.
1364 4419 1484 4496 Opinor.
1529 4417 1581 4476 sed

287 4542 343 4599 ego
365 4524 407 4582 sic
430 4541 494 4582 esse
517 4522 622 4589 nolim,
646 4530 675 4581 et
696 4523 748 4582 tibi
771 4529 884 4590 metuo,
909 4542 975 4583 cum
998 4532 1031 4583 tn
1054 4543 1101 4583 me
1123 4523 1248 4581 vicissim
1271 4521 1382 4587 oderis,
1406 4536 1441 4578 ac
1461 4519 1503 4577 tui
1526 4518 1580 4576 mi·

285 4642 388 4684 sereor
410 4625 460 4702 qui
483 4633 541 4683 tam
565 4623 642 4683 mdia
665 4625 798 4702 adigente
821 4626 1006 4692 necessitate,
1031 4623 1108 4683 nniia
1124 4622 1264 4682 suadente
1280 4639 1383 4689 causa,
1406 4619 1458 4679 sed
1479 4623 1580 4694 tuapte

285 4725 433 4786 volumtate
456 4728 498 4785 sic
521 4726 691 4803 impeditum
714 4733 743 4786 te
766 4726 885 4794 reddas,
913 4725 1058 4803 prudeus,
1088 4726 1183 4783 sciens
1205 4722 1363 4798 ridensque
1390 4722 1420 4778 in
1445 4726 1505 4778 tam
1527 4736 1578 4795 pe·

353 4945 364 4976 ⁷
382 4944 454 4995 Gell.
468 4944 640 5005 ualuas.
679 4946 699 4976 ¹⁰
718 4946 763 5008 qni
777 4961 825 5009 pro
838 4944 961 5009 periculo
975 4948 1000 4991 2.
1022 4943 1127 5005 (scilicet
1140 4958 1190 4991 non
1203 4942 1338 5000 didicerat,
1360 4939 1405 5003 qni
1418 4954 1466 5004 pro
1479 4954 1534 4987 esce
1547 4956 1580 4980 =

283 5046 333 5096 pro
351 5029 415 5094 quo)
480 5028 501 5061 ¹²
519 5045 580 5079 uum
590 5029 655 5095 citi]
674 5035 816 5095 episcopum
839 5030 1082 5092 H'irceburpencem.
1153 5024 1173 5057 ¹³
1192 5040 1431 5090 agnoarozeum
1451 5037 1581 5088 agnosco.

285 5111 307 5146 ¹⁴
326 5120 553 5179 quantuscunque
567 5119 592 5165 2.
647 5115 667 5147 ¹⁹
684 5114 797 5181 placitis
810 5117 834 5162 2.
887 5112 907 5145 ²¹
928 5116 1046 5163 fraenare
1060 5116 1085 5161 2.
