4067 6209
431 804 540 882 CLVII.
555 818 683 857 coenant
696 817 733 856 an
746 816 859 855 rancun.
873 817 916 855 nr.
936 799 1060 855 CLVIII.
1073 816 1176 855 innuit.
1190 815 1227 853 Io
1239 813 1322 854 arun.
1335 817 1362 853 n.
1377 809 1409 853 to.
1422 816 1485 853 nen.
1500 810 1559 854 toto.
1597 788 1669 860 335

1449 984 1482 1023 ta.
1496 989 1580 1025 MART.
1596 984 1653 1024 1520.

448 1095 557 1144 Erasini
576 1093 614 1163 ad
628 1093 770 1156 Aloysium
783 1093 949 1142 Mnrlianum
969 1094 1129 1158 episcopum
1141 1092 1297 1141 Tudcnscm
1309 1094 1427 1144 Lovauii
1441 1093 1516 1143 VIII.
1531 1093 1591 1143 Cel.
1604 1095 1670 1159 Apr.

380 1196 406 1229 a.
428 1179 501 1229 1521.
521 1178 655 1242 scriptam
668 1177 829 1242 epistulam,
849 1177 924 1226 infra
942 1176 979 1239 (ιι.
994 1176 1180 1238 ccxxvlll.)
1194 1191 1243 1225 suo
1256 1176 1317 1226 loco
1332 1177 1522 1241 exhibendam,
1536 1194 1586 1244 pcr
1599 1193 1687 1244 erro-0

381 1279 439 1313 rem
458 1264 486 1312 in
505 1263 589 1312 editis
608 1277 680 1311 anno
692 1260 765 1310 15¹0.
786 1260 962 1310 adscribitur.

355 1599 369 1637 5
398 1598 630 1633 FBARCKI'ORDIAE·
952 1561 1106 1637 CLVII·
1176 1610 1180 1617 ·
1208 1616 1212 1624 ·
1452 1590 1653 1633 institua-lm.

573 1737 715 1817 loannes
736 1736 918 1792 COCIILAEVS
939 1736 1109 1814 altmanno
1129 1735 1385 1793 PllllllillEYllElltl
1408 1738 1433 1793 S.
1450 1739 1477 1793 P.

406 1944 409 1947 .
466 1875 530 1943 Quae
560 1883 589 1930 tu
615 1874 660 1949 pic
688 1872 817 1928 monuisti
848 1889 890 1926 mc
919 1870 1107 1945 superioribus
1134 1871 1236 1933 literis,
1270 1872 1372 1946 optime
1400 1873 1507 1929 domine
1536 1873 1672 1937 llilihaldc,

381 1978 481 2034 sequar
508 1967 608 2033 quanta
636 1975 749 2033 possum
774 1956 930 2028 diligentia,
959 1957 1061 2028 gratias
1093 1954 1140 2011 tibi
1169 1956 1202 2011 de
1231 1956 1273 2010 his
1302 1956 1416 2030 aliisque
1445 1957 1553 2013 interim
1581 1976 1673 2031 agens.

382 2046 491 2100 Senecae
520 2032 602 2117 offra
630 2043 736 2098 monitu
768 2051 815 2097 tuo
843 2042 996 2114 comparavi
1023 2048 1051 2095 ct
1079 2040 1229 2114 scriptores
1251 2040 1386 2096 Caesarnm
1414 2049 1441 2097 et
1469 2043 1599 2115 ploraque
1622 2042 1674 2098 alia

349 2130 481 2202 toquilrns
504 2127 664 2183 instructior
685 2126 754 2181 liam.
799 2126 870 2181 Nova
893 2132 983 2180 autem
1006 2141 1090 2198 opera
1113 2141 1174 2197 quae
1196 2134 1290 2187 antea,
1320 2126 1359 2181 sic
1388 2124 1496 2188 saltem,
1524 2144 1580 2183 nou
1603 2127 1674 2182 virle·

384 2215 437 2274 ris,
461 2212 563 2268 inclusa
586 2211 673 2267 literis
695 2209 818 2266 clrartula
842 2208 983 2270 indicabit,
1012 2226 1073 2282 quaa
1097 2209 1185 2264 omnia
1207 2208 1321 2264 loannes
1343 2209 1484 2282 lioberger
1512 2211 1600 2267 istluro
1623 2212 1674 2267 iam

382 2298 541 2358 destinavit,
571 2304 753 2370 praeterquam
775 2293 888 2350 Huttcni
910 2292 1052 2365 llialogos,
1080 2293 1126 2366 qni
1156 2293 1182 2348 in
1211 2294 1292 2348 horas
1321 2294 1407 2349 adhuc
1430 2303 1621 2367 exspectantur
1643 2313 1674 2351 er

384 2381 491 2438 officina
514 2380 692 2454 lloguntiaca.
737 2380 823 2435 Credo
845 2395 906 2433 eum
935 2395 1007 2433 nunc
1030 2377 1185 2449 Bamlrergae
1212 2394 1272 2433 csse
1299 2378 1369 2451 apud
1392 2378 1511 2434 Crotum.
1556 2380 1578 2434 si
1602 2381 1675 2435 lortc

385 2467 418 2521 ad
449 2474 476 2522 tc
508 2466 627 2526 venerit,
662 2481 731 2536 rogo
762 2465 823 2519 eunl
853 2462 998 2518 admoneas
1026 2461 1179 2517 dassiolori
1209 2460 1352 2517 Fuldensis
1380 2461 1566 2519 bibliothecae:
1600 2470 1675 2519 certe

352 2564 462 2607 inmens
484 2567 539 2605 non
563 2549 678 2622 quiescit
701 2550 822 2610 animus,
846 2547 897 2602 nisi
921 2546 1081 2602 intellexero
1105 2546 1169 2619 quid
1192 2563 1305 2619 operum
1329 2546 1401 2602 illlus
1425 2546 1460 2601 ibi
1488 2547 1674 2603 contincatur:

384 2636 501 2708 benigne
525 2634 632 2706 quidem
655 2633 720 2688 mihi
743 2633 786 2688 hic
808 2648 918 2705 operam
940 2649 1016 2687 suam
1039 2631 1066 2685 in
1089 2647 1119 2685 ca
1143 2647 1172 2685 re
1194 2629 1334 2704 pollicitus
1356 2639 1398 2686 cst
1413 2630 1563 2695 lluttcnus;
1588 2640 1676 2688 tumen

346 2723 348 2729 '
385 2721 407 2773 si
431 2737 445 2774 a
469 2726 495 2773 te
518 2734 628 2791 quoque
650 2725 806 2791 moneatur,
828 2716 931 2772 certius
953 2715 1017 2770 milri
1041 2714 1093 2770 erit
1115 2722 1207 2769 votum
1231 2723 1258 2769 et
1286 2733 1349 2788 spes
1377 2714 1489 2771 firmior.
1533 2715 1595 2771 Fuit
1618 2716 1676 2771 hori

385 2804 455 2877 apud
479 2820 520 2858 me
541 2801 638 2858 consul
661 2809 756 2857 noster
777 2799 918 2873 Phiiippus
941 2798 1172 2872 l'r'trstcnberger,
1200 2798 1351 2855 virbonus
1374 2807 1401 2855 ct
1429 2809 1599 2864 mansuetus,
1630 2801 1677 2873 qui

386 2905 496 2961 operam
518 2903 593 2941 suam
623 2885 739 2958 henigne
767 2885 799 2940 ad
830 2885 983 2958 proiectum
1011 2901 1099 2939 meunt
1130 2882 1203 2939 ultro
1231 2884 1357 2957 promisit
1385 2892 1413 2940 ct
1440 2885 1535 2958 petiit,
1570 2894 1600 2940 ut
1629 2885 1678 2941 liae

350 2980 495 3032 romstatc,
518 2970 563 3026 ubi
587 2969 652 3025 milri
675 2970 747 3025 exire
770 2969 891 3030 licuerit,
915 2969 947 3024 ad
970 2986 1000 3024 sc
1022 2968 1182 3024 descendam
1206 2968 1233 3024 in
1256 2984 1303 3023 rus
1325 2968 1458 3031 llincltau;
1482 2986 1543 3025 nam
1565 2969 1678 3025 comsit

386 3056 422 3110 ini
446 3055 590 3111 multarum
621 3054 825 3128 possessionum
852 3053 991 3115 dominus,
1024 3052 1082 3107 vult
1111 3060 1233 3107 testatem
1263 3051 1339 3108 linito
1366 3052 1511 3109 consulatu
1542 3053 1676 3109 rusticari.

385 3157 500 3213 euinque
527 3139 633 3212 legeret
660 3137 804 3212 epistolam
839 3145 911 3193 tuam
946 3137 973 3192 in
1002 3136 1163 3209 Fulgentio,
1196 3135 1303 3192 dicebat
1332 3137 1503 3192 notissimum
1533 3137 1584 3192 sibi
1617 3153 1677 3192 csse

386 3224 510 3280 abbatem
532 3223 787 3297 Sporrhcimensem,
822 3221 1009 3277 solicitaturus
1037 3221 1108 3294 apud
1137 3238 1214 3281 cum,
1249 3230 1279 3276 ut
1307 3220 1352 3276 liat
1380 3221 1459 3277 nohis
1487 3222 1564 3294 eopia
1588 3222 1679 3276 viden·

386 3310 482 3364 dorum
505 3308 560 3363 illic
581 3307 722 3363 librorum.
768 3306 837 3362 Sunt
859 3314 888 3361 et
909 3306 961 3360 alia
982 3306 1081 3361 ibidem
1104 3305 1282 3368 monasteria,
1316 3305 1361 3361 ulri
1389 3306 1479 3378 aliqua
1507 3313 1586 3379 putat
1618 3322 1678 3359 essc

351 3406 378 3444 ιιι
389 3394 508 3466 antiqua.
553 3392 632 3454 vidit,
656 3392 748 3447 nescio
769 3390 832 3452 uhi,
856 3392 975 3463 Trogum
995 3389 1166 3463 Pompeium,
1189 3388 1288 3445 librum
1309 3389 1454 3462 l'ulgentio
1476 3399 1573 3446 nostro
1595 3388 1679 3463 duplo

388 3479 460 3533 torte
483 3478 620 3533 maiorem.
664 3475 732 3543 Quid
755 3475 804 3530 tilii
828 3492 921 3548 quaeso
943 3474 1064 3535 ridetur,
1088 3490 1179 3530 nonne
1201 3474 1300 3547 dignus
1322 3483 1395 3530 essct
1411 3483 1441 3530 ut
1455 3474 1679 3548 perquireretur?
1707 3544 1711 3551 ι

388 3561 453 3628 [lirae
476 3570 506 3616 tu
527 3561 560 3616 dc
584 3560 652 3616 turri
675 3559 833 3632 lloguntiua
856 3559 959 3619 dixisti,
988 3557 1125 3614 lluttcnus
1155 3576 1185 3613 sc
1206 3559 1368 3614 discussisse
1391 3561 1458 3614 ait·
1482 3560 1553 3616 Vidit
1582 3556 1679 3615 consul

389 3653 485 3701 noster
507 3653 570 3717 tuos
594 3646 645 3700 iarn
668 3644 756 3700 'editos
778 3643 919 3716 dialogos;
942 3660 995 3715 ego
1018 3642 1137 3698 nondum
1160 3643 1229 3707 vidi,
1252 3643 1304 3699 nisi
1327 3645 1397 3717 apud
1422 3652 1448 3699 tc
1471 3643 1536 3700 olim
1554 3685 1679 3698 ......

391 3771 705 3784 ..............
728 3728 799 3783 Bene
822 3728 888 3783 vale.
912 3727 949 3782 Ex
971 3726 1171 3783 Franelrlordia.
1195 3727 1262 3783 Non.
1286 3728 1370 3801 April.
1395 3730 1473 3785 Anno
1497 3729 1631 3785 cloloxx.

355 3932 382 3972 30
622 3910 731 3959 CLVII.
761 3910 916 3959 Heumann.
938 3909 1036 3971 (Indic.
1049 3908 1178 3973 bibliogr.
1192 3924 1218 3957 n.
1232 3907 1287 3973 70.)
1306 3926 1331 3974 p.
1345 3909 1450 3959 45...47.

838 4075 1194 4093 ——--—-

409 4280 542 4315 avovsrn
557 4281 779 4316 vrnnrrnrconrrr.
947 4245 1121 4324 CLVIII.
1451 4274 1484 4316 to.
1497 4283 1590 4318 aruir..
1607 4275 1664 4316 tato.

1422 4340 1682 4350 ———--—-

529 4422 743 4479 ouunuanovs
765 4422 942 4478 aorttttnn
964 4423 1004 4479 DE
1027 4422 1349 4479 mutuannsruuoun
1371 4423 1552 4479 CANONICVS

752 4519 954 4569 BILIBALDO
977 4520 1268 4571 PIRCKHIIYMERO
1295 4520 1322 4569 S.

477 4642 543 4697 Post
571 4642 680 4698 ultimas
708 4641 801 4698 literas
826 4649 885 4698 tuas
908 4660 976 4716 quas
998 4644 1031 4698 ad
1053 4660 1096 4697 me
1123 4642 1235 4703 dedisti,
1270 4641 1390 4697 intellexi
1418 4659 1472 4697 non
1501 4642 1559 4697 sinc
1587 4641 1684 4697 doloro

357 4735 420 4791 aste
448 4728 568 4800 graviter
596 4728 622 4782 in
650 4728 794 4801 pristinam
828 4726 1011 4783 infirmitatem
1046 4735 1118 4782 tuam
1153 4726 1281 4782 recidisse
1312 4767 1625 4781 ..............
1649 4727 1684 4782 lle

765 4892 889 4941 CLVIII.
921 4892 1075 4940 Heumann.
1088 4890 1106 4939 l.
1121 4906 1145 4939 c.
1160 4906 1186 4955 p.
1202 4888 1259 4939 190.
1274 4906 1314 4953 sq.

462 5026 483 5059 ¹²
501 5027 636 5094 dialogos]
656 5031 779 5107 Fortuna
797 5036 845 5078 etc.
865 5030 908 5093 qni
924 5045 1007 5078 arenae
1028 5030 1127 5092 Aprilis
1145 5045 1169 5077 a.
1186 5026 1258 5077 1520.
1278 5045 1313 5078 em
1330 5031 1434 5092 osstcr’un
1447 5027 1615 5093 rS’elrrffereno
1626 5045 1687 5093 pro·

394 5113 551 5165 dieruntcf.
566 5114 649 5164 indic.
664 5114 792 5179 bibli0gr.
807 5129 834 5163 n.
848 5113 945 5163 XXVI.
955 5114 977 5163 1.
1048 5110 1071 5146 ¹⁰
1089 5110 1227 5180 Rinckau]
1246 5114 1385 5179 Iilretnpan.
