4067 6209
468 768 542 844 33ss
612 781 737 835 CLVIII.
756 781 850 834 CLIX.
870 796 1084 836 concussurae
1097 795 1209 834 euacua.
1223 798 1283 834 are.
1297 798 1325 837 o.
1339 792 1371 835 to.
1385 799 1420 834 111
1433 794 1467 837 tt.
1479 800 1546 837 tea.
1562 793 1622 835 ttae.

467 959 586 1015 Ilutteuo
610 958 712 1013 utinam
735 975 764 1013 ea
787 965 937 1030 sequantur
960 974 1019 1030 qum
1047 957 1158 1012 scribis:
1192 956 1302 1012 habehit
1329 958 1399 1014 euim
1429 960 1617 1021 occasionem.
1653 978 1708 1033 quo
1738 969 1765 1015 et

466 1062 547 1098 uranu
570 1051 597 1098 et
629 1042 719 1114 lingua
749 1059 777 1096 sc
808 1042 950 1102 defendat,
984 1043 1079 1096 forsan
1109 1059 1163 1097 nou
1193 1042 1333 1114 indignum
1362 1043 1424 1099 huic
1451 1043 1562 1117 patellae
1593 1043 1763 1117 operculum.

467 1128 573 1183 tametsi
597 1126 674 1182 multi
698 1127 752 1181 siut
775 1126 821 1199 qui
844 1125 994 1199 potentiam
1018 1126 1098 1180 huius
1120 1126 1294 1181 denarIorum
1317 1127 1390 1200 regis
1420 1126 1468 1199 (ita
1491 1128 1564 1183 enlm
1587 1128 1689 1184 solitus
1709 1119 1764 1184 ¹iud

446 1197 526 1267 ‘eum
550 1211 688 1284 appellare
710 1209 854 1265 cardinalis
877 1209 1022 1280 Adrianus)
1050 1208 1112 1282 plus
1141 1227 1220 1283 quam
1248 1211 1408 1292 eouducag
1425 1212 1583 1268 formident.
1636 1212 1765 1269 Erasmus

464 1296 538 1351 cudit
560 1294 705 1368 apologian
729 1294 754 1348 in
778 1293 944 1355 Eduardum,
967 1295 1000 1349 de
1024 1311 1078 1366 quo
1101 1294 1167 1348 mihi
1190 1294 1339 1367 scripsisti,
1369 1303 1397 1351 et
1424 1305 1454 1351 ut
1482 1296 1571 1353 literae
1600 1315 1660 1353 snae
1681 1298 1785 1353 deno-⁵

465 1388 536 1442 tant,
570 1379 778 1434 acerbissimam.
828 1377 892 1444 Qum
919 1379 952 1433 de
980 1378 1110 1452 episeopo
1139 1377 1329 1452 llerbipolensi
1363 1381 1511 1453 scripsisti,
1548 1381 1630 1437 Iaeile
1663 1384 1764 1437 credo:

465 1464 526 1518 noui
550 1464 620 1519 enim
644 1480 692 1517 eos
715 1464 760 1535 qui
784 1463 873 1517 omnia
896 1463 966 1535 apud
990 1480 1050 1518 eum
1074 1471 1204 1535 possunt,
1233 1463 1366 1536 facileque
1394 1465 1457 1519 mihi
1481 1466 1668 1539 persuadetur
1691 1467 1765 1539 quod

437 1548 553 1603 *omnis
576 1548 744 1621 principatus
767 1554 813 1601 aut
836 1546 939 1619 reperit
962 1553 1008 1601 aut
1031 1547 1095 1602 lacit
1117 1545 1211 1602 malos.
1258 1546 1335 1614 Quod
1357 1565 1421 1604 vero
1443 1566 1498 1604 non
1523 1551 1615 1623 magni
1646 1551 1765 1606 istorum

464 1633 593 1704 gratiam,
617 1640 648 1686 ut
670 1631 761 1691 aiunt.
786 1631 865 1691 lacis,
889 1647 993 1685 mecum
1016 1631 1115 1685 sentis:
1144 1648 1204 1685 uam
1228 1640 1358 1704 quantum
1382 1633 1496 1688 istorum
1523 1634 1766 1690 conversationem

464 1734 518 1771 uon
542 1716 623 1771 modo
647 1715 764 1786 tugiam.
789 1716 835 1769 sed
858 1714 916 1769 iere
938 1714 1091 1775 abominer.
1117 1714 1164 1769 tibi
1189 1716 1308 1772 scrIbere
1331 1717 1505 1773 verecundor.
1540 1719 1626 1773 Aiunt
1649 1720 1765 1775 Petrum
1777 1725 1798 1763 ¹⁰

463 1800 496 1855 de
516 1799 612 1855 Aulses
633 1798 753 1854 llutteno
776 1798 958 1871 respondisse
1003 1793 1080 1865 Qu'od
1103 1798 1168 1854 honi
1191 1799 1298 1855 Martini
1319 1801 1407 1856 nostri
1429 1801 1520 1857 Itomae
1549 1804 1698 1876 negotium
1727 1805 1768 1859 iu·

463 1885 610 1939 festissime
638 1883 771 1955 agitetur,
803 1883 864 1956 quis
895 1883 1028 1938 miretur?
1053 1924 1509 1941 ....................
1540 1884 1607 1942 Vale
1637 1906 1669 1944 ac
1701 1889 1767 1950 rire,

463 1977 494 2023 ut
516 1976 582 2042 opto
605 1986 635 2023 ac
658 1968 737 2023 deum
760 1985 819 2022 oro.
843 1968 973 2039 Augustas
996 1968 1026 2022 11.
1050 1966 1150 2041 Aprilis
1173 1985 1244 2024 anno
1267 1967 1363 2025 salutis
1385 1969 1482 2025 tmxx.
1564 2019 1591 2060 ι

479 2316 613 2351 AVGVS'I'AE
631 2314 854 2351 vtttnnntconvtt.
1012 2279 1206 2357 CLVHII.
1525 2311 1559 2353 28.
1574 2318 1676 2355 ΔΝΜ.
1694 2289 1753 2355 talu.

593 2432 809 2512 BEllllllARllVS
831 2454 1008 2510 ADELIIANN
1030 2455 1070 2510 DE
1091 2453 1415 2513 mmuaunstutuuu
1436 2458 1621 2516 CANONICVS

826 2552 1029 2601 BILIBALDO
1048 2553 1338 2603 PIROKHEYMERO
1358 2553 1386 2604 8.
1770 2562 1791 2603 n

547 2674 642 2731 Scribo
665 2674 714 2730 tibi
743 2688 802 2731 rem
829 2691 924 2730 novam
952 2691 983 2730 ac
1010 2673 1104 2729 forsan
1131 2675 1208 2748 prius
1237 2692 1292 2731 non
1320 2676 1451 2733 auditam:
1484 2676 1650 2752 theologus,
1665 2690 1761 2737 noster

461 2759 548 2833 pridie
571 2776 651 2832 quam
674 2760 722 2815 has
744 2759 776 2813 ad
800 2765 826 2814 te
848 2760 953 2821 darem,
977 2759 1119 2831 ingressus
1143 2767 1184 2815 est
1208 2762 1403 2818 monasterium
1426 2762 1529 2818 ordinis
1557 2762 1585 2818 S.
1608 2762 1758 2821 Salvmoris

460 2844 569 2899 nomiae
592 2842 671 2898 Alten
693 2844 829 2905 inluster,
858 2844 962 2899 distans
985 2860 1035 2916 per
1057 2844 1109 2898 tria
1132 2843 1245 2899 miliaria
1268 2862 1283 2900 a
1310 2846 1404 2908 nobis.
1434 2846 1649 2920 parentibusue
1672 2850 1759 2905 omni·

460 2927 525 2991 Iius,
549 2936 579 2982 ut
601 2928 666 2983 mihi
689 2935 812 2989 constat,
835 2928 928 2983 amicis
951 2927 1008 2983 suis
1031 2926 1193 2983 inconsultis
1196 2970 1655 2987 ....................
1680 2933 1756 3001 Quod

459 3013 491 3067 ad
514 3012 607 3068 literas
630 3020 748 3087 spectat,
772 3013 882 3086 scripsit
904 3012 977 3067 hisce
1000 3011 1095 3067 diebus
1118 3012 1150 3066 ad
1172 3029 1223 3068 nos
1246 3012 1399 3086 SpiegeIIns
1423 3032 1455 3071 ex
1477 3014 1657 3079 Scelestadia,
1682 3018 1786 3074 breniae

459 3115 489 3152 se
511 3098 543 3152 ad
567 3115 616 3152 nos
640 3098 785 3153 missurum
808 3114 867 3152 esse
891 3095 998 3152 loannis
1022 3096 1077 3151 llus
1106 3097 1139 3151 de
1162 3096 1275 3152 ecclesia
1297 3097 1409 3160 librum.
1439 3100 1598 3156 donationis
1621 3101 1755 3159 Constan-

459 3182 508 3236 tini
531 3181 702 3255 privilequm
725 3183 874 3255 interprete
897 3179 1096 3236 Bartliolomaeo
1118 3181 1264 3244 Placetne,
1288 3182 1426 3239 laurentii
1443 3183 1524 3241 Vallae
1545 3193 1644 3241 contra
1666 3187 1755 3261 ipsum

457 3266 628 3339 priuileginm
657 3265 879 3321 declamationem
906 3283 966 3321 cum
989 3264 1102 3320 Ilutteui
1131 3266 1218 3321 nostri
1247 3267 1407 3340 praelatioue
1435 3286 1508 3325 mere
1530 3265 1666 3331 Iluttena.
1695 3270 1754 3326 Cle-

458 3352 594 3423 mangium
616 3351 649 3406 de
672 3347 745 3406 statu
768 3349 901 3411 eeclesiae.
926 3350 972 3422 qui
995 3349 1106 3422 scripsit
1129 3356 1251 3423 tempore
1273 3351 1380 3408 concilii
1397 3352 1627 3415 Constantiensis,
1654 3362 1752 3412 tracta·

458 3442 502 3490 tus
529 3436 642 3508 cognitu
674 3435 786 3508 diguus,
820 3432 968 3507 Epistolam
996 3433 1182 3489 studiosorum
1211 3434 1360 3493 Germaniae
1395 3438 1427 3493 ad
1454 3437 1579 3493 Carolum
1608 3439 1784 3502 (lassaremur

423 3533 427 3540 '
457 3518 613 3575 Orationem
635 3518 766 3575 nolulium
789 3519 938 3574 Germaniae
960 3518 992 3573 ad
1015 3518 1140 3573 Carnium
1163 3519 1294 3575 Caesarem
1316 3521 1349 3577 de
1372 3522 1531 3594 quibusdam
1555 3522 1639 3578 rebus
1667 3526 1754 3580 corri-

456 3605 564 3677 gendis,
599 3602 738 3676 dialogum
762 3621 816 3676 quo
840 3610 896 3658 tres
920 3603 1094 3674 theologistae
1116 3599 1293 3659 Coloriicns'es
1320 3623 1380 3661 cum
1403 3606 1548 3666 Ileucldm,
1583 3606 1697 3664 Erasmo
1725 3617 1753 3664 et

456 3688 543 3744 Fabro
566 3689 732 3760 disceptant,
757 3688 917 3761 Apologiam
940 3687 1047 3742 llcanci
1077 3687 1166 3759 quarti
1189 3687 1364 3761 Imperatoris
1392 3698 1444 3745 etc.
1496 3689 1612 3763 Scripsit
1642 3710 1752 3765 quoque

438 3771 593 3828 ·Erasmum
618 3789 689 3828 nune
712 3773 853 3828 emendare
876 3772 1021 3844 Augustini
1053 3788 1150 3843 opera,
1179 3789 1209 3827 ac
1237 3772 1395 3847 Capitonem
1422 3775 1589 3848 Moguntiam
1617 3777 1750 3849 migratu·

455 3874 523 3913 rum.
574 3856 637 3913 Vale
660 3858 688 3912 iu
710 3857 827 3931 Chrispo.
873 3858 1010 3929 Augustae.
1034 3855 1141 3910 XXVIII.
1158 3856 1267 3929 Aprilis.
1305 3859 1383 3915 Anno
1406 3858 1506 3915 Salutis
1528 3858 1627 3915 nuxx.
1759 3876 1783 3917 to

804 4038 942 4087 CLVIIII.
973 4039 1128 4087 Heumann.
1148 4037 1166 4086 1.
1186 4055 1209 4088 c.
1230 4055 1256 4103 p.
1270 4037 1325 4088 192.
1340 4054 1397 4104 sqq.

521 4204 643 4255 ³dennr.
664 4207 732 4274 reg]
752 4226 798 4280 ner
816 4212 938 4274 Fupperi.
956 4216 1031 4274 puto,
1056 4226 1102 4259 nec
1121 4209 1204 4267 Ereti,
1229 4212 1277 4259 aed
1293 4211 1434 4259 cardiacum
1454 4210 1575 4259 Gatetoat.
1606 4210 1642 4272 rs.
1663 4226 1705 4275 ep.
1725 4213 1750 4262 d.

452 4289 477 4341 3.
492 4291 559 4340 Mati
576 4309 600 4340 a.
617 4290 690 4340 1520.
703 4297 833 4357 scriptam,
886 4293 896 4324 ⁵
910 4292 1077 4358 Eduardum]
1090 4294 1187 4343 Leum.
1235 4293 1256 4326 ¹⁰
1269 4295 1343 4343 Petri
1354 4309 1501 4358 responsum
1513 4310 1562 4343 nou
1575 4301 1670 4345 emtore
1683 4298 1750 4345 olde-

453 4383 503 4426 tur.
535 4384 562 4426 ut
579 4381 678 4441 pluteos
696 4378 802 4427 orrdiott
824 4380 1018 4444 Herda'poleasia
1041 4380 1178 4428 ditisst'moa
1200 4394 1256 4429 ease
1284 4380 1435 4428 ineditorum
1462 4380 1665 4429 documentorum
1696 4385 1750 4445 ipae

450 4465 510 4512 otdi.
568 4461 617 4494 ¹¹'·¹¹
637 4464 712 4512 Petr.
732 4463 765 4512 de
784 4461 872 4527 Auis]
891 4467 925 4527 rs.
944 4480 1025 4529 supra
1041 4480 1068 4527 p.
1081 4461 1140 4512 288.
1155 4478 1213 4528 sqq.
1272 4461 1289 4493 ¹¹
1310 4460 1433 4527 MartinI]
1454 4462 1578 4512 Luttheri.

519 4547 540 4579 ¹⁷
558 4547 642 4597 theol.
662 4546 743 4612 nost]
758 4547 1000 4612 Oecolampadius.
1054 4544 1122 4579 ’¹⁰³³
1141 4549 1194 4598 lad
1210 4548 1325 4613 oldliopr.
1340 4565 1363 4596 n.
1378 4546 1545 4597 xflt.1.a.·2.
1598 4543 1652 4578 ²⁸²⁵
1670 4548 1746 4598 Coru-

450 4635 589 4698 mangium
607 4636 668 4686 edit.
721 4631 940 4682 213111111111111111
959 4634 1072 4697 dignum
1094 4636 1304 4697 volur'tsrriptor.
1349 4629 1371 4663 ²⁸
1385 4628 1540 4696 epistolam]
1560 4630 1665 4681 Autore
1678 4633 1748 4682 Her·

450 4733 550 4766 menno
565 4720 664 4768 comite
683 4720 716 4767 de
729 4720 806 4768 Nova
826 4717 929 4781 aquila.
982 4714 1004 4747 ²⁷
1018 4714 1182 4781 orationem]
1200 4718 1323 4766 Authoro
1336 4715 1439 4766 Iacobo
1452 4715 1536 4785 Sobio
1550 4715 1608 4765 LL.
1623 4716 1746 4767 doctore.

449 4799 471 4832 ²⁸
489 4802 564 4851 lutat,
585 4802 722 4868 quoties]
742 4803 878 4866 Dialogus
896 4816 983 4850 notros
1003 4806 1031 4850 et
1049 4803 1117 4850 mite
1142 4802 1273 4858 festinus,
1300 4817 1333 4850 ex
1358 4800 1525 4865 quorundam
1541 4801 1663 4849 virorum
1682 4801 1747 4850 sali·

450 4886 499 4935 brus
519 4888 655 4936 cribratus
674 4896 722 4936 etr,
775 4886 797 4917 ²³
815 4884 988 4952 Apologinm]
1009 4892 1057 4935 out
1076 4886 1110 4934 ob
1123 4886 1247 4934 Hotteno
1265 4886 1299 4934 de
1311 4886 1420 4935 unitate
1434 4884 1503 4934 eccl.
1520 4884 1624 4935 editum
1636 4884 1745 4950 librum,

378 5003 382 5012 ·
450 4976 498 5019 aut
515 4973 645 5022 Aventini
665 4976 752 5022 vitam
770 4972 887 5021 chrici
906 4972 971 5025 IIII.
992 4972 1071 5037 (Aug.
1085 4969 1166 5018 Vind.
1181 4986 1206 5018 a.
1224 4968 1296 5019 1518.
1315 4968 1364 5033 4⁰.)
1383 4968 1450 5019 vult.

894 5155 1283 5172 *ω
