4067 6209
384 813 518 870 CLXXX.
537 833 659 870 anesum
673 834 710 870 an
723 829 804 870 neon.
819 831 896 869 nese.
934 812 1080 870 CLXXXI.
1101 833 1184 870 uvrr.
1198 829 1235 869 an
1248 829 1377 870 carmon.
1392 832 1434 871 ar.
1449 833 1475 872 n.
1490 821 1551 871 tato.
1606 799 1679 876 365

384 993 555 1050 sanctissime
577 1003 669 1069 pater,
693 994 721 1049 iu
743 994 924 1067 praesentibus
947 994 1079 1049 mandalis
1101 994 1135 1050 de
1157 993 1278 1049 Lutlrerii
1301 992 1375 1048 bulla
1396 992 1556 1068 publicanda
1573 996 1599 1049 iu
1614 996 1680 1050 elim·

383 1080 493 1136 cesilms
515 1078 674 1151 lloguutiua
696 1087 724 1133 ct
746 1078 971 1152 llagdeburgensi
1000 1087 1028 1134 et
1055 1080 1289 1150 sull'raganoorum
1315 1096 1437 1134 meorum
1461 1080 1678 1141 reememlormn.

384 1181 439 1218 uon
463 1172 516 1218 tam
540 1164 618 1218 verba
645 1181 725 1237 quam
753 1172 869 1218 mentem
899 1164 1082 1237 perpendens,
1112 1162 1311 1219 cornunmicato
1340 1181 1401 1218 cum
1428 1164 1545 1219 dominis
1574 1165 1678 1219 urrumis

384 1248 500 1303 consilio
524 1256 598 1304 tritus
621 1247 747 1304 incumbo
770 1249 802 1303 ad
827 1249 974 1321 parandum
998 1247 1077 1303 nobis
1100 1249 1218 1303 servorem
1242 1246 1404 1303 secularium
1426 1248 1591 1322 principum,
1620 1250 1677 1304 sinc

363 1332 485 1406 ⁵quibus
513 1333 616 1388 frustra
646 1333 808 1393 niteremur,
840 1340 867 1386 et
896 1333 984 1387 omnis
1010 1340 1106 1387 noster
1134 1341 1247 1387 conatus
1279 1333 1304 1387 iu
1333 1350 1444 1388 nervum
1471 1334 1565 1388 exiret.
1610 1332 1747 1401 Quirino.

383 1427 473 1472 autem
497 1436 651 1491 speremus,
675 1425 722 1472 aut
745 1435 799 1492 quo
823 1435 950 1473 successu
971 1418 1093 1473 videatur
1116 1418 1256 1489 negotium
1279 1435 1483 1490 processurum,
1508 1435 1678 1491 praenoscere

383 1510 460 1557 certo
484 1519 538 1556 nou
561 1520 687 1575 possum,
711 1502 763 1557 uisi
786 1503 860 1574 quod
882 1503 909 1557 iu
933 1520 1009 1575 spem
1030 1502 1090 1557 veui
1114 1520 1169 1556 nou
1192 1503 1370 1563 mediocrem,
1395 1503 1527 1576 optimum
1544 1521 1678 1576 parentque

384 1587 469 1641 virum
492 1587 611 1642 deditum
635 1605 695 1642 esse
718 1587 776 1660 paci
799 1595 827 1641 et
843 1586 935 1641 multis
952 1587 1030 1641 aunis
1046 1586 1157 1641 {trinam
1174 1586 1315 1658 religioni,
1339 1587 1446 1660 quaudo
1464 1587 1530 1642 tales
1548 1588 1679 1643 turmdtus

330 1667 337 1680 “
385 1671 411 1725 iu
439 1689 581 1727 conmume
608 1671 753 1727 discrimen
782 1672 914 1744 arripiant
943 1689 1037 1726 orciuos
1066 1670 1208 1744 nequidem
1238 1672 1295 1726 eius
1323 1673 1439 1744 patruni.
1485 1675 1584 1745 Aperta
1608 1673 1748 1726 enideo.

349 1757 504 1810 ¹⁰lenestra
528 1755 719 1812 inobedientiae
742 1763 770 1810 et
792 1754 899 1811 srrblato
922 1773 937 1810 e
960 1755 1048 1810 medio
1072 1755 1219 1828 impietatis
1242 1764 1329 1817 uictu,
1353 1774 1414 1829 qum
1437 1775 1527 1812 rerum
1550 1756 1679 1812 delmmi·

292 1855 296 1863 ·
385 1848 438 1901 tas,
463 1858 523 1913 (parre
547 1840 655 1896 licentia
678 1839 825 1896 uitulorum!
860 1840 948 1908 Quare
971 1841 1101 1896 sanctitas
1124 1846 1228 1900 vestra,
1252 1839 1407 1896 beatissime
1430 1850 1522 1914 pater,
1547 1842 1573 1897 id
1587 1842 1620 1897 de
1637 1859 1679 1896 me

383 1934 507 1997 expectet
530 1925 603 1998 quod
624 1926 657 1980 de
680 1925 925 1998 obsequentissima
940 1942 987 1980 sua
1002 1934 1136 1980 creatura.
1182 1925 1324 1981 Postremo
1340 1925 1426 1981 babeo
1442 1926 1557 1999 gratiam
1573 1944 1679 1999 semper
1689 1935 1748 1984 §.ta

384 2010 540 2071 maximam,
570 2011 643 2083 quod
666 2019 754 2065 restra
784 2010 913 2065 sarrclitas
937 2009 1079 2067 Valentino
1102 2008 1249 2065 'letoleben
1271 2018 1380 2065 eentum
1402 2010 1514 2066 clncatos
1544 2011 1680 2066 rmuiserit

384 2093 436 2148 urei
459 2112 540 2150 (eausa
563 2095 589 2149 in
613 2095 725 2166 rregotio
747 2095 927 2151 coadiutorio.
972 2095 1038 2149 Cum
1061 2095 1103 2149 bis
1126 2093 1211 2149 valcat
1233 2094 1279 2149 diu
1309 2093 1453 2151 incolumis
1475 2095 1615 2152 beatitudo
1639 2114 1681 2150 ve·

349 2186 376 2224 1⁵
386 2186 457 2241 stra,
481 2180 559 2235 cuius
583 2180 697 2254 pedibus
720 2179 884 2235 beatissimis
907 2178 1057 2236 humillime
1080 2197 1121 2234 me
1144 2180 1311 2236 commendo.

406 2816 610 2883 [enarrarunt]
926 2800 1139 2877 CLXXXI.
1276 2816 1413 2883 [uxavnru
1433 2822 1530 2871 remo?
1548 2817 1585 2885 m]
1606 2830 1665 2870 meo.

644 3011 648 3017 ’
698 2988 780 3048 VLR.
804 2988 1003 3051 llVTTENVS
1025 2991 1057 3049 V.
1083 2990 1259 3054 CAPITONl,
1277 2990 1357 3055 SAL.

470 3126 570 3203 Nuper
598 3124 705 3184 obnixe
733 3125 908 3202 deprecatus
936 3145 1002 3187 sum
1031 3125 1198 3203 exemplum
1226 3126 1372 3203 pontilicis
1397 3123 1548 3185 literarum
1571 3127 1608 3185 ad
1631 3126 1736 3196 Al-m.

386 3227 525 3288 bertlmm
553 3235 585 3287 ut
613 3244 735 3286 curares
762 3227 842 3286 mibi.
887 3226 968 3287 ldcm
996 3246 1075 3288 nuuc
1104 3246 1222 3306 quoquc
1250 3246 1303 3286 oro
1333 3233 1474 3304 quantum
1501 3244 1622 3303 possum
1651 3234 1683 3287 ut

353 3330 487 3391 edacius.
532 3328 686 3388 Tilmarmo
709 3328 749 3387 ibi
771 3336 869 3396 utere;
903 3330 928 3387 is
951 3336 979 3388 tc
1001 3329 1110 3390 iurabit
1131 3337 1219 3407 atque
1242 3329 1339 3388 omnia
1361 3326 1466 3387 molire
1489 3334 1521 3387 ut
1542 3326 1682 3387 habeam:

386 3429 456 3489 nihil
485 3449 568 3509 aeqare
592 3430 648 3490 boc
675 3438 807 3507 tempore
837 3430 915 3509 mibi·
932 3432 1084 3509 quaeritur.
1127 3432 1178 3493 llis
1201 3430 1283 3491 leolis
1306 3431 1449 3510 ocyssimc
1472 3427 1683 3489 Carbacclrium

386 3515 510 3602 accersi,
538 3540 567 3592 et
589 3551 676 3593 moue
698 3532 793 3611 siquid
817 3532 923 3593 lrabeat
944 3532 1208 3602 aFraucolurdio,
1233 3542 1265 3593 ut
1280 3533 1382 3593 stultat.
1427 3531 1562 3591 Fratrem
1584 3549 1682 3591 mcum

387 3636 515 3694 iuvenies
538 3633 616 3711 apud
638 3634 844 3701 l'rauciscum;
879 3635 905 3693 ci
928 3634 990 3694 dari
1013 3642 1131 3712 oportet
1153 3654 1218 3713 quau
1240 3634 1367 3694 scribitis
1395 3641 1445 3693 aul
1473 3651 1537 3711 quac
1560 3634 1680 3692 mittitis.

388 3735 512 3795 Scribite
534 3754 600 3814 quau
622 3737 774 3796 homiuum
797 3754 895 3795 sonno
918 3736 954 3795 dc
977 3743 1112 3813 poemate
1135 3737 1323 3804 Germanico,
1348 3735 1426 3813 quod
1450 3736 1582 3810 asperius
1605 3734 1737 3802 arbi-§.a

351 3843 503 3899 estrantur
526 3855 614 3915 quam
636 3857 684 3897 me
706 3838 817 3897 deccat.
851 3836 920 3897 Vale
943 3844 971 3897 et
993 3856 1057 3897 rem
1081 3857 1283 3906 communem,
1306 3838 1348 3896 sic
1371 3844 1414 3896 est
1437 3836 1529 3903 euim,
1553 3835 1683 3895 studiose

389 3959 468 4000 cura.
514 3939 622 4000 multos
650 3940 741 3999 babes
768 3940 832 3999 istic
862 3958 989 4017 quorum
1017 3935 1101 4017 potes
1130 3940 1172 3999 uti
1200 3957 1305 4017 opera;
1338 3938 1558 4007 Brassicaumu,
1582 3938 1606 3995 si
1629 3943 1682 4007 est,

388 4061 422 4100 ex
451 4061 498 4101 me
526 4039 628 4102 saluta.
675 4041 721 4100 lle
744 4041 951 4101 excaruitieant
982 4041 1095 4101 crebrae
1123 4043 1185 4100 istae
1213 4049 1242 4101 et
1268 4042 1353 4101 toties
1382 4041 1493 4100 iseram
1521 4038 1557 4098 ab
1581 4040 1736 4111 amisisse,

388 4145 614 4221 expectatioues.
660 4143 769 4202 utirram
793 4144 891 4202 statim
913 4162 929 4202 a
952 4143 1096 4221 principio
1119 4162 1207 4203 ausus
1230 4162 1325 4203 essem
1347 4162 1413 4203 mco
1436 4140 1556 4202 consilio
1579 4161 1682 4219 agero:

387 4379 534 4428 CLXXXI.
565 4378 705 4428 AzMS.
719 4379 847 4428 biblioth.
862 4379 995 4429 antistitii
1008 4380 1095 4430 Basil.
1110 4380 1168 4443 lob,
1194 4380 1222 4429 in
1241 4382 1319 4430 cuius
1337 4382 1418 4431 dorso
1437 4385 1496 4430 est:
1520 4394 1613 4429 raum
1639 4393 1684 4427 uc-

390 4481 469 4515 cuss.
491 4479 648 4515 uaeramus.
668 4479 733 4513 rou.
748 4480 767 4513 ι.
787 4478 955 4513 wonruuuor
975 4480 1124 4514 carmonrs
1144 4481 1269 4516 scurrus.
1290 4464 1337 4515 tol.
1359 4462 1430 4513 117⁵.
1492 4464 1508 4511 2
1525 4482 1559 4506 =
1577 4461 1684 4525 dontio

779 4549 849 4609 (Iud.
864 4548 932 4598 bibl.
946 4565 972 4598 n.
986 4548 1041 4610 85.)
1064 4546 1100 4603 Θ.
1113 4548 1172 4599 628.
1192 4565 1218 4598 u.
1232 4565 1296 4600 vrrr.

453 4716 464 4751 ²
481 4717 720 4783 Mugdeburgense
740 4720 765 4768 1.
819 4716 840 4750 ¹²
856 4716 974 4783 sempor]
993 4734 1048 4783 apr.
1069 4721 1125 4769 t.2.

455 4802 477 4834 ¹⁷
493 4804 621 4852 llutenus
639 4805 664 4853 2.
713 4802 769 4836 ’Μ’
788 4803 968 4854 Albrecbtum
986 4808 1013 4860 2,
1059 4802 1082 4837 ‘⁰
1099 4800 1398 4867 Tilmanno]Kreych?
1447 4798 1470 4833 ²⁸
1490 4804 1612 4865 autqnoe
1624 4801 1685 4850 mit·

386 4890 448 4939 titis
466 4891 536 4939 emb.
557 4892 583 4938 2.
635 4886 657 4919 '¹
675 4889 709 4938 de
722 4892 778 4954 ipae
790 4889 865 4938 Hutt.
884 4892 1014 4949 correoeit,
1033 4892 1176 4951 scripserat
1195 4903 1228 4937 ex
1262 4889 1302 4936 De
1319 4891 1435 4951 poemate
1453 4884 1527 4950 Klag
1545 4884 1614 4934 iiber
1631 4884 1686 4934 deu

386 4974 571 5023 Luteriscben
583 4974 677 5022 Brund
695 4978 880 5038 biterpretotus
897 4980 936 5024 est
954 4975 977 5024 d.
997 4976 1013 5023 l.
1034 4972 1199 5026 uoluentes:
1216 4975 1296 5036 inopis
1312 4986 1368 5020 esse
1385 4972 1485 5019 videtur
1501 4976 1529 5018 ut
1542 4969 1614 5034 Clag
1631 4969 1687 5019 und

386 5072 558 5122 vormauung
575 5065 623 5106 etc.
642 5060 776 5107 indicetur.
829 5056 851 5089 *θ
868 5059 1082 5108 Brassmanuum
1101 5061 1127 5107 2.
1152 5056 1400 5120 ll’irtenberpensem
1418 5054 1549 5104 loannem
1567 5053 1686 5106 Alexan-

385 5142 464 5191 drum
481 5142 656 5208 Kohlburger
673 5144 902 5208 Arpentoratensie
919 5144 1113 5193 Hmatndiuetus
1130 5157 1203 5192 nosse
1221 5140 1337 5192 debebat.
