4067 6209
345 958 525 1020 §.recitaret
552 957 663 1019 lterum
686 956 751 1017 dieo
773 957 877 1035 igitur,
900 965 949 1018 ant
972 956 1050 1018 illam
1072 956 1170 1016 induci
1192 973 1246 1033 per
1265 962 1295 1016 te
1316 961 1436 1033 oportet
1451 954 1659 1017 blaximiliani
1674 973 1741 1017 sen·

417 1062 552 1129 tentiam,
575 1066 626 1120 ant
649 1060 784 1137 improbe
807 1061 878 1119 laris
901 1061 950 1139 qni
972 1058 1087 1120 libellos
1102 1077 1198 1129 meos,
1222 1076 1286 1118 eam
1302 1056 1458 1135 loquentes
1473 1059 1657 1127 actionem,
1680 1058 1739 1118 dis·

416 1164 522 1241 eerpis.
568 1160 629 1222 Nisi
652 1170 680 1222 te
703 1170 800 1223 moret
822 1162 901 1241 qnod
924 1169 1053 1222 veterem
1076 1161 1207 1238 dialogos
1229 1159 1376 1221 scribendi
1398 1178 1522 1220 morem
1540 1179 1696 1221 reroeans
1710 1169 1739 1222 et

418 1266 454 1324 ad
483 1265 891 1342 antiquornmimitationem
921 1283 969 1324 mo
998 1263 1154 1323 conserens
1179 1262 1215 1321 de
1237 1260 1396 1330 Charonte,
1427 1261 1465 1321 de
1489 1260 1673 1332 Mercurio,
1702 1263 1739 1323 de

348 1375 408 1424 Ν.
418 1365 573 1427 Phalaride
596 1373 625 1425 et
646 1365 695 1425 illo
717 1366 879 1426 interorum
904 1384 995 1444 regno
1017 1364 1125 1443 aliquid
1147 1364 1235 1442 lingo
1280 1362 1318 1422 lt
1337 1363 1393 1423 hoe
1422 1361 1509 1422 dium
1538 1381 1605 1423 non
1636 1373 1755 1426 morets

417 1487 504 1546 quem
529 1466 629 1545 ingnio
658 1467 713 1536 ibi,
745 1469 796 1528 sed
826 1486 860 1528 ea
888 1487 954 1546 qna
980 1474 1088 1545 praeter
1114 1465 1229 1526 iahnlas
1257 1472 1288 1526 et
1311 1465 1460 1525 helionem
1494 1463 1626 1565 elqeent
1656 1484 1735 1534 vera,

417 1568 525 1648 quibus
547 1568 629 1630 illum
653 1570 793 1647 graphice
816 1570 957 1647 depingo,
982 1569 1045 1629 eius
1067 1586 1165 1627 mores
1188 1569 1308 1645 eiusque
1330 1567 1416 1626 vitam
1439 1565 1539 1626 oeulis
1561 1574 1662 1646 atque
1684 1587 1735 1629 au·

419 1671 501 1732 ribos
523 1671 676 1731 hominnm
699 1671 820 1730 obiieio:
851 1690 884 1731 ea
907 1676 1039 1740 movent,
1063 1689 1096 1729 ea
1120 1668 1297 1746 percellunt,
1321 1686 1353 1728 ea
1374 1668 1518 1728 mordent
1538 1674 1569 1728 et
1584 1666 1733 1731 lacerant.

350 1773 539 1834 §.⁵⁸·Srilieet
561 1790 662 1833 rerum
686 1790 743 1831 non
767 1780 828 1841 est,
852 1773 930 1852 qnod
954 1772 1099 1831 Mercurio
1123 1771 1197 1831 duee
1219 1770 1254 1830 ad
1278 1769 1386 1829 inleros
1408 1771 1570 1848 quesitum
1596 1770 1733 1832 Phalari·

419 1875 486 1934 dem
516 1875 695 1935 concesserit
723 1881 752 1934 et
782 1875 811 1933 in
843 1894 878 1934 eo
907 1876 1011 1934 itinere
1040 1872 1119 1951 quod
1142 1871 1288 1932 Charonte
1311 1878 1427 1931 rectore
1452 1888 1532 1949 opus
1559 1872 1676 1942 inerit,
1704 1881 1765 1934 etro

420 1975 518 2036 nnllns
540 1983 584 2036 est
607 1975 783 2044 Mercurius,
807 1976 920 2046 nullus,
944 1977 993 2054 qui

902 2076 1071 2155 ferruginea
1092 2073 1242 2136 snhreetet
1265 2091 1389 2153 eorpora
1411 2072 1517 2153 eynrha

623 2179 761 2241 Terribili
787 2179 924 2259 squalore
946 2180 1072 2240 Charon.

421 2302 475 2343 nee
498 2281 601 2361 cymba
625 2290 684 2351 est,
713 2301 767 2342 nee
790 2283 859 2361 Styx
883 2287 934 2342 ant
955 2280 1153 2358 Phlegethon:
1190 2297 1245 2338 neo
1266 2296 1390 2356 nsquam
1420 2278 1556 2355 reperire
1582 2284 1632 2338 est
1653 2279 1731 2340 Phe·

421 2385 560 2452 iarhlem;
597 2391 625 2443 et
648 2383 684 2443 de
706 2391 765 2443 tota
789 2383 836 2443 illa
857 2383 1052 2444 subterranea
1075 2379 1226 2459 republica
1249 2398 1339 2440 unum
1362 2386 1406 2439 est
1428 2378 1641 2449 mendacium,
1670 2397 1760 2441 noan

353 2485 550 2545 tetraonas
577 2485 699 2554 Fateor,
723 2494 751 2545 et
773 2504 828 2545 nee.
852 2505 921 2562 ego,

626 2585 685 2645 Nee
708 2588 791 2665 pueri
815 2586 954 2653 eredunt,
979 2585 1033 2644 nisi
1056 2585 1106 2662 qni
1129 2584 1259 2643 nondum
1281 2601 1339 2644 aare
1361 2581 1503 2642 lavantur.

422 2687 479 2746 Sed
503 2694 535 2746 tn
558 2687 607 2764 qni
630 2686 728 2746 literas
750 2688 889 2756 didicisti,
919 2688 1037 2764 ignoras
1060 2685 1203 2755 arbitror,
1232 2685 1380 2764 quomodo
1402 2689 1530 2744 tractare
1560 2684 1629 2745 haee
1655 2703 1726 2745 eon·

423 2789 531 2855 reniet,
555 2794 642 2865 atqne
666 2788 703 2847 ita
726 2806 784 2847 non
807 2788 944 2865 intelligis
967 2807 1046 2858 rem,
1070 2796 1102 2848 ut
1125 2787 1175 2848 tibi
1199 2805 1273 2865 opus
1294 2787 1331 2845 sit
1352 2784 1433 2846 illurn
1456 2803 1472 2844 a
1495 2787 1626 2846 mortuis
1640 2804 1725 2846 rero·

425 2908 492 2949 earo
515 2889 686 2967 magistrum
709 2897 792 2950 tmnn
815 2889 1006 2958 Beroaldrnn‚
1036 2890 1085 2968 qni
1108 2897 1136 2950 te
1159 2890 1264 2950 doceat
1285 2887 1354 2967 qnid
1376 2886 1431 2945 sibi
1454 2885 1543 2946 velint
1566 2895 1755 2964 poetaruma

355 2989 539 3050 §.tr-irrbnho.
585 2991 757 3069 Quanquam
780 2992 891 3051 otiosus
913 2993 998 3051 ninris
1021 2992 1137 3060 videor,
1167 2992 1216 3069 qui
1244 2990 1307 3051 lnee
1335 2994 1378 3047 tot
1403 2987 1501 3047 rerbis
1527 3005 1586 3065 ago
1617 2996 1723 3057 teenm,

424 3110 485 3151 rent
509 3091 640 3151 frivolam
664 3100 692 3151 et
714 3092 822 3152 nnlhns
850 3094 1005 3161 momenti,
1038 3092 1074 3152 ah
1105 3101 1278 3170 argumento
1307 3090 1414 3168 negotii
1443 3087 1579 3148 alienam.
1627 3108 1723 3168 neque

423 3194 541 3256 tulnae
570 3196 665 3262 enirn,
693 3202 742 3253 ant
771 3195 864 3273 quiris
892 3193 966 3254 alins
993 3195 1022 3254 in
1053 3193 1151 3252 libello
1180 3194 1237 3253 hoe
1265 3191 1488 3271 persequimini,
1522 3191 1575 3250 sed
1606 3189 1723 3251 aliunde

424 3294 620 3355 ralnnnriandi
643 3313 743 3354 ansam
768 3297 934 3374 exquiritis,
968 3295 1056 3354 rnrrdo
1079 3295 1222 3372 quispiam
1250 3295 1307 3354 hoe.
1334 3301 1432 3353 tecum
1455 3293 1504 3370 qni
1534 3290 1622 3352 iaciat
1645 3294 1722 3351 inre·

355 3398 479 3456 tlt-ariri
502 3404 606 3474 potest.
642 3396 705 3456 Non
728 3404 824 3473 potest
846 3396 982 3456 arbitror.
1016 3396 1061 3456 'lu
1085 3397 1189 3473 igitur,
1214 3397 1259 3456 cni
1282 3394 1335 3454 soli
1357 3392 1555 3453 Phalarismus
1578 3392 1750 3472 displicetn

424 3500 549 3557 eumad
575 3498 759 3558 Phalaridenr
788 3499 831 3557 ire
859 3506 1014 3576 tyranmnn
1043 3505 1176 3557 nostrum
1206 3498 1300 3573 lingo,
1329 3496 1387 3555 seis
1408 3494 1487 3573 qnod
1516 3495 1581 3553 eins
1610 3495 1722 3572 eupidi-

425 3605 498 3659 lates
520 3600 611 3658 innno
634 3608 659 3657 el
685 3599 764 3677 qnod
787 3599 872 3658 talem
897 3599 1021 3659 (ostendo
1044 3618 1108 3659 esse
1131 3618 1197 3659 enm
1221 3598 1328 3677 qni·ad
1345 3595 1507 3656 Phalaridis
1528 3595 1720 3655 imitationem

425 3708 517 3759 totrnn
541 3720 572 3759 so
595 3701 742 3768 eonlerat,
766 3720 883 3760 ornrrenr
906 3720 988 3761 suam
1013 3702 1098 3759 vitam
1123 3700 1244 3769 lormet,
1269 3701 1305 3759 ila
1323 3717 1387 3759 esse
1408 3698 1585 3765 animatum,
1608 3703 1643 3756 nt
1657 3715 1720 3775 quae

426 3802 484 3861 sint
506 3809 556 3861 ant
570 3820 586 3860 a
602 3801 756 3862 Phalaride
779 3801 922 3861 malitiose
946 3804 1059 3861 inventa
1084 3809 1133 3862 aut
1155 3802 1192 3861 ab
1215 3800 1278 3860 aliis
1301 3798 1461 3860 crudeliter
1482 3805 1640 3877 usurpata,
1664 3816 1719 3857 non

356 3904 532 3962 §.uenerari
554 3904 642 3963 rnrrdo
666 3909 694 3962 et
716 3921 849 3981 aequare,
882 3904 932 3964 sed
955 3905 1073 3964 rineere
1102 3904 1188 3962 etiam
1212 3904 1377 3963 contendat.
1423 3901 1507 3972 Orrod
1530 3917 1568 3959 ne
1591 3900 1658 3977 quis
1679 3907 1748 3960 toa

425 4022 505 4063 mero
528 4004 640 4063 venisse
664 4005 692 4062 in
715 3985 911 4082 suspicionem
935 4005 1005 4064 mihi
1029 4005 1179 4074 erederet,
1208 4005 1343 4082 (predam
1366 4002 1441 4063 illius
1464 4003 1551 4062 etiam
1575 4001 1651 4061 laeta
1673 4000 1720 4060 de·

425 4103 580 4180 pingebant
604 4104 711 4181 qnilnrs
733 4106 881 4181 speehnen
904 4107 949 4166 sni
972 4106 1066 4174 dedit,
1091 4112 1120 4165 et
1142 4125 1158 4164 a
1182 4106 1289 4184 quihus
1310 4105 1456 4165 eoniieere
1472 4109 1530 4171 est,
1554 4101 1721 4163 huiusmodi

425 4206 474 4282 qni
497 4206 691 4273 commiserit,
720 4206 814 4285 qualis
842 4224 896 4284 por
918 4206 973 4290 alia
996 4225 1060 4267 esse
1083 4209 1188 4283 possit;
1222 4226 1345 4286 qnaeqne
1369 4206 1546 4265 dornmento
1570 4204 1648 4264 haud
1671 4202 1721 4263 ob·

425 4324 512 4365 servre
534 4313 617 4376 snrrt,
647 4306 716 4384 qnid
745 4308 780 4366 de
809 4310 872 4384 ipso
900 4327 1021 4385 sperare
1047 4309 1075 4368 in
1099 4308 1231 4369 loturum
1253 4309 1388 4369 homines
1409 4306 1551 4367 debeant:
1587 4306 1722 4384 quidest

425 4407 502 4468 alind
525 4409 603 4468 mrim
627 4407 811 4468 Phalaridem
835 4412 1006 4487 tnagistrnm
1030 4412 1128 4488 sequi,
1159 4429 1246 4488 quarn
1276 4410 1373 4470 larere
1401 4416 1430 4468 et
1458 4407 1594 4467 meditari
1616 4407 1751 4473 orode-25

424 4509 489 4570 liter
512 4511 623 4578 onmia,
655 4512 759 4588 rapide
783 4511 934 4571 elhnnlere
957 4512 1145 4588 sangninem,
1176 4512 1258 4596 aride
1280 4512 1401 4589 punire,
1425 4517 1565 4586 torquere
1587 4507 1721 4576 libenter,

424 4612 592 4689 depernlari
615 4632 698 4677 enen.
724 4614 852 4673 insidiari
876 4611 992 4679 alienis,
1017 4614 1105 4672 rrretni
1129 4612 1215 4673 malle
1238 4632 1326 4692 (peram
1349 4613 1455 4679 ornari,
1480 4611 1576 4671 rivere
1600 4612 1629 4670 in
1646 4610 1720 4676 odio,

424 4711 460 4772 ali
489 4714 721 4789 suspiciendum
756 4717 870 4774 interim
901 4713 1051 4774 luxuriose
1082 4713 1171 4774 mnlla
1201 4714 1395 4791 prehendere,
1424 4715 1529 4773 ininsle
1557 4710 1648 4772 mulla
1678 4729 1722 4770 ra-

424 4830 510 4889 pere,
526 4823 642 4891 slnpra.
660 4815 771 4883 eaedem
788 4814 939 4880 adulteria,
956 4823 1102 4885 torturae,
1119 4835 1239 4882 eruero,
1256 4816 1377 4895 laqueos
1393 4815 1503 4875 habere
1518 4815 1548 4873 in
1564 4815 1721 4892 promptu?

423 4949 616 4958 ——-—

486 5015 496 5038 ¹*
514 5017 658 5065 obiiciens.
677 5034 746 5065 eorr.
762 5019 830 5067 ΙΙ.2.
868 5017 888 5049 ¹²
907 5015 1020 5082 sorengi
1035 5019 1116 5084 Vorg.
1133 5019 1200 5067 hen.
1216 5017 1332 5068 t'1.303.
1370 5016 1390 5049 ¹³
1408 5018 1430 5066 Τ
1434 5013 1527 5080 errib.]
1547 5016 1615 5066 ibid.
1628 5015 1720 5067 tam

423 5096 560 5148 'l'errihile
579 5100 718 5164 squallore
737 5105 764 5149 2.
817 5100 838 5133 ¹⁸
856 5102 1010 5168 Phlegeton
1025 5105 1050 5151 2.
1106 5102 1126 5135 Π
1144 5119 1196 5152 neo
1215 5100 1304 5167 pueri]
1325 5100 1642 5152 luvenar.sat.11.152.
