4067 6209
464 753 534 825 126
604 766 729 817 XXXIX.
749 773 1335 818 cocanrninriacxuenoa.nennius.
1372 765 1482 815 XXXX.
1503 778 1753 815 anosrananasn.

414 909 421 931 .
459 940 529 1000 dum
552 944 653 998 contra
667 909 846 1015 Cirpnionem
867 936 1027 1013 promovit,
1051 954 1153 996 verum
1176 955 1211 996 eo
1233 943 1332 996 tamen
1353 953 1473 1013 sperare
1496 934 1605 1013 aliquid
1627 934 1752 1004 videtur,

459 1041 538 1120 quod
560 1047 602 1099 tot
624 1041 680 1098 ianr
709 1056 801 1097 annos
827 1037 907 1097 litem
934 1037 1079 1115 producit.
1125 1045 1154 1098 et
1181 1038 1321 1098 llonranis
1348 1039 1492 1115 aurisngis
1520 1036 1592 1096 nihil
1620 1038 1754 1114 voracius

460 1149 517 1211 est,
549 1140 634 1209 nihil,
664 1140 714 1201 uhi
742 1158 865 1199 munera
893 1138 1086 1209 obiiciantur,
1116 1139 1293 1200 mutabilius.
1339 1140 1400 1200 lam
1427 1146 1541 1200 certum
1564 1146 1607 1199 est
1641 1139 1752 1198 indices

459 1242 558 1303 multis
585 1261 619 1303 ac
645 1242 805 1302 manifestis
832 1241 1008 1318 praeiudiciis
1036 1240 1162 1302 elevasse
1191 1242 1358 1320 Hogostrati
1387 1260 1513 1301 causam.
1570 1240 1675 1318 Sperat
1706 1238 1754 1298 ille

460 1352 557 1404 tamen
578 1342 705 1421 aliquam
726 1343 874 1403 hiantibus
897 1339 1034 1403 Cerberis
1056 1344 1143 1403 oliam
1165 1344 1367 1412 obiecturum,
1392 1362 1448 1421 qna
1471 1342 1582 1402 aditum
1605 1342 1641 1427 ad
1662 1342 1753 1400 victo·
1776 1365 1788 1403 a

459 1448 532 1507 riam
555 1445 610 1506 sibi
631 1446 794 1523 patefaciat.
841 1445 956 1506 Utinam
977 1451 1125 1507 transacta
1147 1454 1211 1506 acta
1233 1450 1345 1515 essent,
1369 1462 1427 1522 quo
1442 1462 1480 1503 ne
1495 1444 1628 1522 suspensi
1644 1443 1753 1503 diutius

460 1567 599 1609 essemus.
644 1546 723 1609 Vale.
961 1544 966 1555 “

476 1785 616 1820 nouom.
942 1780 944 1784 ·
981 1752 1225 1827 XXXVIIII.
1544 1777 1566 1817 a.
1581 1782 1658 1817 siser.
1676 1775 1735 1817 tato.

1540 1838 1759 1848 ----.-

646 1907 787 1965 thNNES
808 1907 990 1965 COCHLAEVS
1010 1912 1054 1965 An
1075 1910 1269 1966 blLlBhLllVbl
1290 1907 1566 1966 PlllClillElblElthl.

544 2029 621 2085 blitto
644 2029 676 2084 ad
699 2035 740 2090 te,
764 2027 1007 2085 observandissime
1029 2030 1066 2085 mi
1087 2030 1195 2085 domine
1217 2028 1358 2092 bilibahle,
1381 2028 1499 2083 blarcum
1520 2027 1631 2082 llntteni
1655 2027 1790 2092 nostrin)

460 2116 507 2191 qui
529 2115 582 2171 hoo
603 2132 714 2189 vespere
737 2113 878 2169 nobiseum
900 2115 1029 2177 caenavit,
1053 2114 1158 2189 aliquot
1181 2114 1259 2171 nobis
1282 2131 1364 2171 novas
1386 2114 1503 2170 recitans
1519 2112 1650 2186 epistolas
1666 2112 1753 2167 multo

459 2218 520 2257 cum
542 2200 612 2262 risu,
643 2218 674 2255 ex
705 2198 804 2273 quibus
825 2216 879 2254 una
901 2218 951 2273 per
973 2208 1060 2255 totam
1082 2202 1140 2255 lere
1163 2200 1331 2256 Germaniam
1353 2207 1447 2272 vagata
1477 2205 1533 2259 cst.
1566 2198 1660 2270 tuique
1690 2198 1754 2252 tacit

460 2286 638 2347 mentionem,
662 2284 734 2358 quod
757 2292 852 2339 contra
875 2302 985 2341 usuram
1008 2286 1166 2360 scripseris,
1190 2302 1270 2359 qnam
1286 2286 1417 2357 magister
1431 2291 1527 2338 noster
1541 2269 1688 2356 ‹lisputavit
1704 2282 1755 2336 lto·

460 2372 557 2427 nonin.
580 2377 663 2444 negat
685 2377 774 2433 tamen
790 2387 819 2425 se
834 2368 919 2424 libelli
934 2370 1008 2425 illius
1024 2380 1163 2427 auctorem
1180 2371 1206 2425 in
1222 2371 1279 2426 haec
1293 2370 1374 2425 verhn
1398 2368 1482 2424 ‘nullo
1498 2368 1593 2428 modo,
1617 2376 1659 2422 est
1675 2368 1755 2422 aleris-

460 2456 533 2512 met.'
575 2456 700 2511 Ceterum
722 2456 781 2510 eius
803 2455 919 2510 blarcum
943 2464 1006 2511 tunc
1029 2464 1103 2512 recte
1130 2456 1259 2529 accipies,
1288 2473 1371 2528 quum
1399 2455 1475 2528 prins
1504 2453 1603 2525 legeris
1627 2451 1792 2511 Sabelliciis

459 2541 623 2598 carmen'de
645 2540 810 2596 Venetorum
833 2546 896 2596 ortu
923 2558 953 2595 ac
976 2541 1048 2595 lato:
1078 2540 1116 2595 nil
1139 2542 1210 2596 enim
1234 2542 1331 2614 quaerit
1353 2541 1406 2595 isto
1427 2539 1544 2598 ltlarcns.
1574 2538 1625 2593 nisi
1650 2538 1756 2593 irrisio·

461 2643 522 2681 nem
544 2642 638 2680 eorum
662 2625 803 2680 iactantiae.
848 2624 969 2680 blirubile
990 2626 1117 2699 prolecto
1140 2626 1205 2680 mihi
1228 2626 1334 2681 videtur
1355 2624 1473 2681 hominis
1503 2624 1655 2696 ingenium,
1685 2641 1756 2697 prae·

460 2711 555 2766 sertim
578 2710 603 2763 in
628 2708 763 2764 illurlemla
785 2708 900 2764 aliorum
923 2710 1055 2765 stultitia:
1085 2710 1151 2766 iocis
1180 2718 1266 2766 scatet
1293 2719 1320 2766 et
1343 2709 1453 2765 salibus.
1484 2708 1682 2782 quamprimum
1707 2708 1756 2762 ho·

460 2795 559 2850 minem
581 2794 684 2854 audivi.
713 2793 828 2850 alterum
856 2794 909 2849 dini
938 2813 998 2850 esse
1021 2795 1167 2850 lucianum
1170 2837 1297 2849 .....
1321 2795 1379 2849 ltali
1408 2795 1548 2869 portuniani
1577 2800 1704 2866 quaerunt
1727 2799 1756 2847 et

459 2897 594 2953 pompam.
618 2896 755 2953 nunquam
782 2896 830 2934 eos
853 2879 921 2934 tanti
945 2880 1040 2935 faciam
1062 2888 1204 2953 expertus,
1234 2881 1327 2954 quanti
1355 2881 1406 2935 ieci
1436 2888 1530 2935 antea:
1556 2872 1637 2933 'tuens
1661 2886 1703 2933 est
1726 2886 1791 2937 etan

460 2965 597 3036 simulatio
604 3007 610 3025 ,
633 2965 674 3019 uti
696 2981 783 3039 nuper
804 2965 947 3038 scripsisti.
970 2963 1049 3022 Bene
1063 2965 1122 3020 vale
1144 2973 1172 3021 et
1194 2966 1226 3021 ad
1248 2966 1355 3040 priores
1371 2965 1448 3027 mihi,
1472 2964 1517 3020 nbi
1532 2963 1641 3019 dabitur
1656 2964 1755 3027 ocium,

459 3050 594 3124 responde
616 3049 733 3106 literas..
762 3049 800 3105 Ex
821 3049 950 3107 Bononia.
973 3058 997 3112 9.
1014 3051 1058 3107 die
1081 3051 1263 3126 Septembris,
1286 3068 1357 3107 anno
1379 3050 1480 3106 domini
1505 3056 1581 3110 1516.

729 3216 897 3272 XXXVIIII.
916 3217 1073 3266 Heumann.
1094 3219 1164 3280 (Ind.
1178 3216 1246 3266 bibl.
1260 3234 1285 3266 n.
1300 3216 1353 3280 70.)
1368 3234 1392 3281 p.
1409 3215 1478 3280 l.sq.

1105 3286 1511 3297 ——-..-—————

903 3368 1307 3396 ————1

477 3503 624 3538 naasson.
1024 3475 1189 3550 XXXX,
1522 3496 1554 3536 tu.
1569 3503 1629 3537 oca.
1645 3487 1739 3551 (nna)

455 3579 460 3594 ·
577 3627 809 3684 WOLPHANGVS
831 3629 920 3686 hNXT
942 3597 1197 3689 dAESIfRBERGIVS
1218 3632 1341 3688 bttltlh'b
1363 3628 1494 3686 ElthblO
1517 3628 1543 3683 S.
1559 3629 1587 3684 P.
1603 3628 1631 3682 l).
1766 3660 1792 3699 25

543 3748 655 3804 Obscuri
677 3748 727 3803 viri
749 3749 785 3804 ad
804 3758 921 3823 myrtum
944 3762 1072 3821 canentes
1094 3753 1165 3828 apud
1187 3770 1229 3809 me
1253 3752 1280 3807 in
1302 3750 1390 3807 sterili
1412 3766 1493 3805 arena
1516 3749 1570 3803 orti
1593 3748 1687 3804 fronte
1703 3749 1757 3804 iam

457 3835 603 3910 perfricata
626 3834 652 3889 in
676 3842 751 3890 tuum
773 3844 949 3909 conspectum
971 3839 1083 3913 prodire
1105 3838 1215 3903 volunt,
1238 3837 1356 3910 donique
1380 3836 1404 3891 id
1428 3834 1522 3891 sedulo
1545 3833 1693 3907 prohibere
1709 3853 1756 3889 co·

500 4016 610 4064 XXXX.
635 4017 744 4065 Erasmi
762 4017 831 4082 Epp.
846 4018 969 4084 Append.
983 4036 1056 4070 num.
1071 4021 1266 4072 CCCXXXIX.
1282 4019 1333 4069 col.
1349 4018 1422 4067 1777.
1442 4017 1500 4066 Ind.
1514 4014 1582 4065 bibl.
1596 4015 1633 4064 nl.
1648 4016 1715 4077 bita.

526 4152 547 4185 ¹⁰
564 4150 698 4218 Marcum]
720 4154 1080 4217 cs.1nd.otot.n⁰.xx.to.
1134 4156 1263 4218 Cochtoeus
1286 4173 1387 4207 curasan
1409 4173 1482 4204 enarra
1506 4158 1628 4219 scriptum
1645 4158 1756 4205 suberit.

458 4237 479 4272 ¹²
496 4237 560 4304 una]
584 4241 644 4289 Vult
661 4241 793 4301 apostalavit
811 4239 934 4303 dlapbtrt
950 4241 1093 4307 Selouraff,
1118 4243 1186 4307 Epp.
1200 4243 1268 4292 odeo.
1281 4246 1328 4291 otc.
1337 4248 1410 4307 part.
1424 4240 1512 4299 Ita,
1538 4240 1580 4289 ubi
1596 4244 1621 4288 tn
1640 4249 1754 4290 carratae

326 4299 328 4308 '
365 4305 371 4315 ²
415 4377 416 4380 Ἴ
456 4327 616 4391 rtetnncau
632 4328 726 4387 tenatur
742 4325 833 4373 verno.
848 4327 891 4375 ³9·
904 4343 961 4392 sre-

577 4412 655 4460 Tnno
669 4444 735 4458 .....
748 4411 865 4460 transivi
883 4411 918 4460 ad
936 4412 1138 4477 humbergam,

576 4495 630 4545 Ubi
650 4496 760 4560 quidam
772 4496 984 4560 Pirekheymer,
1022 4498 1067 4561 qui
1086 4513 1139 4546 non
1158 4503 1201 4547 est
1213 4498 1362 4563 Magister,

577 4583 657 4630 Fecit
675 4582 742 4630 mihi
760 4582 933 4630 instantiam:
970 4582 1018 4630 sed
1038 4582 1132 4634 andivi
1152 4584 1190 4632 ibi
1210 4581 1295 4643 clam,

575 4667 655 4729 Quod
673 4683 734 4716 eum
752 4667 846 4715 multis
864 4668 948 4716 sociis
971 4668 1012 4716 in
1030 4668 1156 4733 partibus
1174 4668 1291 4717 diversis

575 4753 679 4817 Magna
697 4753 726 4801 in
744 4754 936 4802 coniurationo
972 4752 1060 4804 vellat
1077 4759 1152 4803 stara
1170 4740 1220 4818 p'ro
1239 4752 1395 4816 Capnione‚

575 4838 613 4886 Et
631 4843 727 4887 contra
745 4836 903 4903 Theologos
937 4838 1032 4888 facere
1051 4838 1149 4888 multos
1167 4836 1261 4886 libros.

576 4923 613 4972 Et
631 4923 686 4971 suit
703 4922 770 4971 mihi
789 4923 908 4986 dictum,
945 4924 1016 4988 quod
1035 4924 1145 4972 novitor
1162 4937 1243 4970 unum
1263 4921 1360 4971 librum

577 5008 695 5073 Scripsit
712 5008 746 5083 dp
764 5022 861 5070 usura,
898 5023 977 5072 qnam
996 5007 1318 5071 admittitt·TheologIa,
1355 5054 1364 5070 ,

576 5093 655 5143 Sient
671 5094 804 5142 Bononiae
824 5098 867 5142 est
884 5093 1065 5157 disputatum,
1104 5098 1131 5142 et
1149 5108 1198 5159 per
1216 5092 1365 5157 Magistros
1382 5094 1491 5142 nostros
1508 5091 1666 5158 probatum.
