4067 6209
480 783 577 837 CCIII.
597 799 720 839 arrecti
733 802 770 839 an
783 801 930 840 ιιιιιτιιιιίι
942 774 1073 843 arcearis
1086 805 1128 841 ur.
1142 803 1169 842 u,
1183 800 1217 844 28.
1233 804 1309 844 serr,
1327 799 1385 843 tero.
1508 775 1581 850 429

287 955 341 1016 cile
371 964 456 1035 potos
483 965 606 1036 proptor
634 959 712 1034 rogis
740 966 935 1019 commeatum
964 961 1101 1021 cuntibus
1136 960 1213 1022 ultro
1247 964 1380 1043 citroque
1407 964 1583 1041 rectoribus)

287 1076 375 1117 cnrcs
397 1057 489 1117 libros
518 1061 567 1137 qui
591 1059 739 1137 'compacti
762 1067 844 1128 srrnt,
875 1063 1008 1122 ocissime
1031 1062 1224 1133 Vormatiam,
1255 1083 1329 1143 qum
1356 1074 1509 1126 revertens
1537 1066 1584 1128 illc

219 1225 222 1229 ⁴
288 1161 372 1238 Spira
395 1163 504 1239 possit,
532 1179 599 1220 cum
621 1163 674 1220 ista
698 1164 794 1221 onmia
816 1164 957 1235 irn'eniat,
989 1182 1095 1225 curare
1116 1164 1175 1225 buc
1197 1166 1282 1235 mibi,
1313 1186 1408 1247 neque
1431 1169 1467 1228 sit
1489 1186 1582 1227 mora.

288 1261 425 1321 Habebas
453 1263 552 1322 nescio
581 1270 652 1341 quot
675 1262 924 1341 conquestionum
952 1265 1120 1326 Latinarum
1152 1266 1344 1345 exemplaria,
1374 1287 1439 1347 quae
1467 1269 1638 1329 ‹licebast.c

270 1362 371 1423 anollc
394 1364 430 1423 ad
453 1382 485 1423 sc
507 1365 641 1443 accipere
665 1365 839 1445 bibliopolas
862 1373 987 1435 vestros;
1022 1375 1051 1427 at
1075 1386 1154 1427 nrrrrc
1176 1376 1298 1449 propter
1321 1375 1407 1429 tantae
1422 1374 1584 1450 peregrini-

288 1466 355 1523 tatis
377 1465 535 1524 adrentum
558 1467 648 1526 credo
671 1466 825 1543 diligenter
853 1468 1012 1529 adcurante
1043 1476 1070 1529 te
1098 1489 1203 1547 magna
1232 1488 1301 1548 pars
1329 1470 1444 1531 divendi
1466 1475 1583 1550 poterit.

289 1564 435 1643 reliquum
464 1567 542 1645 quod
571 1586 657 1645 posse
680 1568 801 1628 distrahi
824 1570 978 1649 desperas,
1004 1590 1071 1631 raum
1093 1570 1175 1631 libris
1199 1572 1374 1632 l'orrnatiam
1397 1576 1487 1634 mitta
1531 1592 1584 1651 age

289 1674 402 1735 antem,
432 1669 457 1725 si
486 1687 546 1728 non
574 1668 697 1728 inauditis
719 1679 867 1730 rectorem
896 1674 992 1731 statim
1016 1671 1191 1733 l'orrnatiam
1215 1680 1347 1740 euntem.
1378 1676 1493 1753 Spiram
1515 1695 1586 1736 rcro

290 1767 428 1835 habebis,
459 1770 556 1828 mittas
584 1771 699 1848 Spiram
728 1771 820 1832 libros
848 1774 884 1832 ad
914 1772 1093 1842 blaternum,
1125 1777 1174 1854 qni
1197 1775 1232 1833 de
1255 1793 1348 1853 puero
1371 1795 1437 1835 mco
1459 1779 1513 1837 scit
1535 1778 1586 1839 ubi

258 1884 282 1923 ro
293 1872 337 1928 sit.
377 1870 435 1929 Sed
458 1870 482 1929 is
505 1870 580 1930 ultra
603 1890 695 1932 nuum
718 1873 796 1932 diem
819 1875 911 1953 Spirae
933 1893 994 1934 non
1016 1875 1194 1936 morabitur:
1225 1878 1279 1937 nisi
1302 1878 1390 1953 igitur
1412 1897 1478 1938 mox
1502 1888 1586 1959 potes

291 1974 421 2037 mittere,
446 1974 542 2048 potius
563 1973 628 2033 ride
650 1981 682 2033 nt
704 1974 881 2036 Vormatiam
903 1982 1156 2054 transportentur,
1187 1980 1265 2058 quod
1289 1980 1471 2040 commodius
1492 1981 1584 2041 steret.

292 2074 527 2150 oportunitatem
550 2082 648 2151 specta
672 2076 700 2133 in
724 2077 769 2135 liis
784 2076 930 2137 omnibns.
975 2079 1054 2139 blittc
1070 2080 1155 2140 simul
1170 2080 1315 2140 inclusum
1332 2083 1389 2142 tnis
1404 2081 1496 2141 literis
1511 2082 1584 2142 indi·
1596 2095 1642 2146 §.a

292 2193 354 2233 coru
378 2194 478 2236 rerum
502 2183 686 2268 nostrarum,
711 2178 738 2236 id
755 2185 799 2238 est
814 2197 879 2258 qnae
894 2186 923 2239 ct
938 2189 1008 2259 quot
1024 2180 1200 2259 exemplaria
1216 2185 1378 2262 acceperis,
1403 2190 1435 2243 nt
1457 2183 1587 2244 divendi·

292 2277 379 2343 deris,
397 2296 483 2357 qnam
500 2280 758 2339 corninutationcm
775 2280 896 2350 rearis,
914 2283 1013 2361 quanti
1030 2301 1176 2362 quemque
1192 2283 1299 2344 librom
1316 2287 1432 2353 cureris,
1450 2293 1482 2345 ut
1496 2288 1586 2347 sciam

258 2379 361 2456 raquid
385 2378 436 2437 tibi
459 2379 610 2441 debeatur.
656 2382 686 2441 Si
709 2382 918 2444 dircndidisses
938 2385 1056 2443 interim
1079 2383 1186 2462 aliquid
1209 2384 1367 2455 librorum,
1396 2393 1429 2446 nt
1450 2406 1586 2464 superes·

292 2488 335 2540 set
357 2468 496 2558 pecunia,
520 2483 549 2542 id
566 2482 720 2551 retinebis,
744 2484 823 2563 ‹prrod
845 2487 911 2544 usui
933 2487 969 2545 sit
985 2483 1155 2562 colligandis
1170 2485 1291 2565 reliquis
1306 2486 1388 2548 libris
1404 2489 1452 2568 qui
1469 2509 1485 2550 e
1501 2489 1585 2568 Spira

292 2584 453 2643 mittentur.
492 2571 560 2644 Vale
583 2591 611 2645 et
633 2586 782 2662 nogotium
805 2593 939 2647 nostrum
962 2587 1118 2664 diligenter
1139 2607 1219 2649 cora.
1266 2609 1300 2648 er
1324 2588 1530 2670 libernbnrgo.

496 2687 672 2763 Inscriptio:
704 2687 829 2747 blartino
851 2688 967 2748 Bnccro
990 2688 1082 2750 literis
1104 2691 1291 2769 instructissi-

707 2808 756 2848 mo
778 2791 873 2849 antico
895 2791 1044 2851 innocenti
1067 2810 1102 2851 ac
1124 2792 1212 2851 bono.

258 2902 285 2942 ro
708 2888 758 2950 28.
774 2892 846 2952 Nor.
865 2892 956 2979 1520.

296 3008 496 3018 Ἥ.-

360 3110 371 3143 ⁴
390 3107 633 3177 Conqrrcstionum]
653 3111 689 3160 ef.
704 3126 787 3175 supra
805 3127 831 3161 n.
847 3112 1048 3163 CLXXXVIII.
1063 3129 1123 3177 sqq.
1186 3111 1209 3144 ²⁰
1226 3113 1267 3161 28.
1281 3114 1349 3163 Nor.
1366 3113 1438 3163 lacu.
1454 3116 1534 3179 qnasi
1548 3116 1587 3164 in·

295 3196 455 3262 scriptionis
473 3199 579 3262 partem
599 3195 704 3245 adiecit
717 3199 742 3245 1.

362 3282 529 3331 Riibriclrius
546 3281 632 3330 refert
649 3280 768 3330 lectores
787 3282 821 3329 ad
839 3281 985 3345 epistolam
1003 3282 1086 3330 Beati
1104 3282 1230 3331 erenani
1249 3281 1284 3331 ad
1300 3282 1476 3332 Bonisacinm
1496 3284 1588 3332 Anter-

296 3365 425 3415 bachium
443 3366 584 3416 Arenione
603 3351 668 3414 tnnc
687 3366 852 3429 degentem,
872 3365 993 3414 Basilcae
1012 3366 1145 3429 postridie
1158 3366 1251 3414 Trium
1271 3380 1365 3430 regum
1384 3363 1419 3430 [7.
1433 3367 1492 3415 lan,
1515 3365 1586 3431 1521]

296 3451 441 3516 scriptam,
463 3452 490 3499 in
503 3451 675 3499 bibliotheca
695 3450 827 3498 antistitii
839 3449 1005 3499 Basilicnsis
1024 3454 1178 3510 serratam,
1198 3450 1283 3499 lianc:

280 3592 286 3603 .
364 3535 523 3596 uillcandcr
541 3535 692 3596 Mopuntiae
712 3533 825 3582 liutheri
849 3532 959 3582 libellos
984 3535 1097 3582 incessit.
1134 3535 1222 3583 Priori
1247 3535 1291 3584 dic
1317 3536 1384 3585 nibli
1410 3535 1463 3584 suit
1482 3540 1587 3584 actum:

296 3634 358 3667 nam
379 3635 438 3668 curn
459 3619 584 3668 carnifex
604 3620 631 3667 in
649 3625 782 3683 suggestu
800 3622 877 3667 stans
897 3620 1068 3682 quaesiisset,
1088 3634 1150 3667 num
1170 3619 1294 3685 legitime
1313 3620 1458 3669 damnatus
1472 3624 1546 3668 esset
1565 3620 1589 3668 is

298 3705 375 3752 cuins
399 3706 446 3753 isti
470 3704 534 3752 libri
558 3704 650 3753 forent
674 3703 819 3764 exurendi,
848 3704 990 3768 respondit
1014 3704 1145 3752 universa
1169 3703 1261 3768 populi
1286 3704 1445 3765 nndtitnrlo,
1471 3705 1588 3752 nondum

297 3788 455 3837 damnatum
476 3803 546 3837 csse.
583 3788 624 3836 Ad
638 3788 708 3836 lianc
723 3803 818 3837 rocem
839 3788 965 3837 carnifex
984 3787 1106 3848 desiliit,
1126 3790 1260 3852 praelatus
1273 3805 1302 3836 sc
1316 3789 1385 3837 nihil
1400 3805 1416 3837 a
1430 3785 1484 3853 [le]
1498 3789 1589 3837 medio

297 3871 394 3922 tollere
412 3874 466 3922 nisi
484 3873 632 3922 secundnm
651 3872 728 3936 leges
746 3873 854 3937 riteque
873 3872 1041 3921 damnatum.
1079 3873 1134 3921 Res
1153 3878 1212 3921 tota
1234 3889 1316 3923 νιιειι
1340 3873 1393 3922 fnit
1412 3874 1440 3920 in
1459 3873 1541 3921 risum
1561 3878 1589 3921 et

297 3958 440 4019 convicia,
460 3958 558 4021 quibus
571 3958 611 4006 sic
624 3958 778 4021 proscissus
792 3960 833 4005 ost
845 3956 997 4019 Aleamlcr,
1017 3962 1048 4005 nt
1061 3958 1165 4021 optarit
1184 3960 1265 4007 istam
1283 3974 1312 4006 sc
1332 3958 1503 4022 provinciam
1522 3973 1588 4005 nun-

298 4058 379 4106 qnam
392 4044 562 4107 suscepissc3
581 4057 677 4106 parum
691 4042 782 4091 abfuit
795 4042 860 4105 quin
873 4040 1012 4105 lapidibus
1026 4042 1200 4103 obrueretnr;
1219 4042 1359 4092 vocabant
1378 4058 1440 4092 enm
1459 4043 1588 4104 Iudaeum,

297 4127 480 4190 proditorem,
506 4126 669 4177 nebulonem
689 4133 717 4176 et
736 4125 799 4190 quid
819 4128 890 4175 non?
915 4126 1031 4175 Postero
1054 4126 1099 4174 dic
1124 4142 1185 4175 cum
1209 4128 1301 4176 omitia
1324 4126 1444 4191 querelis
1463 4127 1590 4192 impleret

298 4213 481 4277 iniuriamquo
500 4212 607 4261 diceret
625 4213 748 4262 Romano
768 4211 1031 4277 pontilicilactam,
1052 4212 1130 4261 euius
1143 4212 1236 4261 edicta
1250 4216 1503 4275 contemnerentur,
1524 4212 1590 4261 effc-

299 4298 339 4345 cit
357 4298 414 4345 siris
433 4298 514 4346 minis
538 4298 611 4363 apud
635 4297 804 4346 cardinalem
822 4297 1013 4360 Mogontinum
1034 4302 1062 4345 et
1081 4297 1245 4358 canonicos,
1269 4302 1300 4346 ut
1324 4296 1431 4360 aliquot
1453 4295 1543 4345 libelli
1563 4298 1590 4344 in

299 4382 358 4431 loro
376 4398 425 4446 per
437 4380 616 4447 vespilloncrn
630 4398 679 4431 son
693 4382 903 4430 carlat'erarinrn
923 4392 996 4442 qnam
1016 4380 1141 4430 contifex
1159 4381 1211 4429 hoc
1231 4381 1324 4429 faeere
1344 4380 1530 4442 detrectabat)
1550 4381 1590 4428 in·

299 4466 489 4516 conderentur.
526 4468 636 4516 Editmn
656 4468 744 4516 estin
765 4466 839 4515 illum
860 4480 970 4515 cannen
991 4464 1206 4527 amarulentum,
1231 4466 1302 4529 quod
1320 4465 1426 4515 aedibus
1445 4466 1473 4514 in
1492 4464 1590 4528 'quibus

298 4550 426 4612 divertit,
446 4550 594 4616 multisque
613 4551 682 4601 locis
701 4552 813 4602 affixum
831 4557 915 4600 noctu
935 4551 1054 4600 serunt''.
