4067 6209
299 781 445 832 CLXXVI.
466 794 563 830 aaran.
578 795 615 830 nn
628 794 690 829 san.
705 794 771 829 noe.
785 795 827 828 aar.
848 778 1008 828 CLXXVII.
1029 793 1131 828 neena.
1145 793 1181 828 an
1196 793 1308 828 sennar.
1323 796 1365 830 nr.
1380 797 1405 830 n.
1422 788 1480 830 tsao.
1519 765 1586 838 361

300 957 379 1013 tificis
403 957 522 1011 famosos
545 954 667 1016 libellos.
697 972 758 1009 eum
786 954 1009 1009 reverendissima
1039 960 1066 1008 et
1095 952 1276 1011 illustrissima
1299 955 1482 1012 dominatione
1503 966 1594 1013 vestra

299 1041 491 1103 conflammari,
515 1041 666 1113 praesertim
685 1040 757 1113 qnod
773 1039 942 1094 familiaritas
958 1039 1070 1095 llutteni
1094 1041 1139 1113 qui
1163 1041 1393 1097 reverendissimae
1415 1051 1442 1097 et
1466 1042 1594 1097 illustris·

299 1129 374 1182 simae
389 1125 567 1182 dominationi
584 1134 680 1180 restra
696 1143 804 1198 semper
823 1126 923 1181 enriam
946 1125 1046 1180 dieitur
1068 1134 1193 1187 secutus,
1217 1134 1244 1181 et
1266 1126 1356 1188 locus
1381 1128 1407 1181 in
1431 1144 1486 1200 quo
1509 1126 1594 1183 tinelli

300 1211 473 1285 impressioni
495 1211 550 1265 dati
574 1210 697 1271 fuerunt,
720 1211 814 1266 civitas
837 1210 940 1265 scilieet
956 1210 1127 1281 flagrantiam,
1151 1210 1288 1266 nonnullis
1311 1212 1336 1266 in
1353 1212 1423 1267 llrlre
1439 1230 1493 1267 non
1509 1213 1594 1268 levem

276 1301 394 1354 ⁵eornra
418 1296 667 1351 r‘evcreudissimarn
691 1304 718 1350 et
742 1294 951 1366 illustrissimam
974 1295 1186 1351 alorniuationem
1207 1304 1322 1351 rrstrarn
1346 1298 1525 1370 suspitionem
1548 1316 1595 1370 pe·

299 1383 429 1456 pereriut.
476 1381 552 1454 ltpnd
576 1381 689 1435 eundem
712 1381 849 1435 dominum
873 1379 1065 1452 llierouyunrnr
1089 1381 1115 1435 in
1139 1382 1339 1436 exeusationem
1362 1383 1594 1438 reverendissimae

300 1477 327 1523 et
351 1466 541 1521 illustrissima
564 1465 756 1520 dominationis
779 1472 876 1519 vestrm
906 1463 998 1519 multis
1025 1464 1113 1519 rerlris
1136 1466 1193 1539 egi.
1223 1467 1338 1539 primum
1363 1467 1434 1539 qrrod
1458 1467 1594 1523 liuttenns

299 1553 401 1608 citriam
424 1550 656 1605 reverendissimae
680 1558 707 1604 ct
729 1550 921 1605 illustrissimae
943 1550 1136 1605 dominationis
1159 1558 1256 1605 vestrm
1277 1568 1331 1606 non
1348 1540 1524 1624 serpreretnr'‚
1548 1570 1595 1607 ne·

301 1655 353 1710 que
377 1654 427 1709 pro
452 1635 576 1691 familiari
600 1635 633 1689 alr
656 1636 748 1690 eadem
772 1634 879 1690 halaitus
903 1634 1000 1696 fuerit:
1034 1634 1131 1691 deinde
1154 1637 1226 1708 qrrrid
1249 1635 1358 1692 libellus
1382 1637 1427 1692 ille
1448 1637 1595 1709 llloguntiae

267 1725 402 1796 ¹⁰praster
430 1721 674 1776 volarntatem'scn
705 1718 844 1775 scientiam
873 1720 1104 1775 reverendissimae
1131 1729 1158 1775 ot
1188 1720 1380 1777 illustrissimae
1402 1722 1595 1777 dominationis

299 1816 397 1861 vestrm
420 1806 516 1861 formis
539 1823 683 1878 expressus
707 1805 803 1865 fuerit.
827 1804 867 1859 rel
891 1821 924 1858 eo
947 1805 1060 1859 maxime
1082 1805 1179 1860 coniici
1203 1805 1305 1878 possit,
1331 1807 1402 1879 rpurrd
1426 1807 1595 1863 reverendis·

300 1892 367 1946 sima
395 1898 422 1945 et
449 1890 633 1945 illustrissima
660 1890 810 1945 dominatio
840 1896 927 1945 restra
957 1889 983 1943 in
1014 1896 1071 1944 tota
1095 1889 1234 1945 Germania
1265 1893 1359 1947 anricus
1387 1910 1494 1964 semper
1523 1892 1595 1947 sedis

300 1974 461 2049 apostolieae
476 1974 588 2047 clypeus
612 1974 709 2036 fucrit,
734 1974 848 2047 eiusque
871 1973 1038 2035 libertatem,
1061 1974 1236 2046 (lignitatem,
1263 1976 1395 2031 lronorem
1418 1985 1499 2049 atque
1522 1994 1595 2031 com·

300 2061 408 2115 modum
433 2059 543 2114 fortiter
565 2067 592 2113 et
614 2059 835 2114 constantissime
858 2076 966 2131 semper
980 2060 1127 2115 asseruerit
1146 2067 1286 2132 inlataque
1303 2061 1398 2122 furuit,
1421 2069 1462 2122 et,
1485 2069 1514 2116 nt
1530 2061 1596 2116 milu

267 2151 291 2192 ¹⁵
303 2145 455 2205 videbatur,
485 2146 550 2198 satis
574 2144 625 2199 silri
648 2143 786 2199 excusatio
809 2143 940 2199 eiusmodi
963 2143 1114 2216 probabilis
1140 2153 1167 2199 et
1195 2145 1365 2200 rationabilis
1393 2164 1443 2219 pro
1471 2164 1596 2202 reveren·

301 2230 412 2285 dissime
440 2238 467 2283 et
495 2229 680 2285 illustrissima
707 2229 892 2284 (luminatione
920 2237 1010 2283 restra
1032 2229 1186 2285 ridebatur:
1218 2229 1397 2297 Quamobrem
1421 2250 1511 2303 operae
1535 2249 1596 2305 pre·

302 2317 368 2370 tium
392 2316 450 2370 fore
473 2333 532 2370 sum
556 2323 644 2375 ratus,
668 2322 845 2387 posteaquam
869 2322 991 2387 tempore
1013 2314 1105 2387 aliquo
1129 2315 1187 2387 ipso
1209 2316 1279 2388 apud
1302 2316 1552 2372 reverendissimam
1569 2322 1596 2371 et

302 2399 513 2455 illustrissimam
535 2400 746 2455 dorninationem
770 2407 886 2454 restrarn
910 2398 991 2454 frrerit
1014 2407 1211 2460 commoratus.
1235 2408 1265 2454 ut
1281 2401 1362 2455 etiam
1385 2401 1417 2455 ad
1440 2400 1595 2474 pontificem

301 2503 351 2558 pro
382 2484 502 2539 nlreriori
530 2484 682 2540 sanctitatis
710 2501 766 2538 snae
794 2484 980 2538 satisfactione
1009 2490 1037 2538 et
1065 2484 1236 2557 mitigatione
1266 2493 1293 2539 et
1316 2485 1546 2541 reverendissimae
1568 2493 1597 2541 et

264 2569 493 2625 aoittusrrtsstnae
515 2569 709 2625 dominationis
731 2576 828 2624 vestrae
851 2568 1023 2624 excusatione
1047 2568 1139 2625 literas
1162 2569 1321 2643 perscribat.
1365 2571 1400 2625 lle
1424 2588 1476 2643 qua
1502 2588 1532 2626 re
1555 2587 1597 2625 re·

300 2654 520 2710 verendissimam
543 2664 570 2710 et
594 2654 805 2709 illustrissimam
828 2654 1040 2709 dominationem
1062 2662 1179 2710 vestram
1202 2654 1374 2710 admonuisse
1397 2663 1439 2709 sat
1462 2655 1530 2717 erit,
1553 2654 1596 2710 eui

302 2758 343 2794 me
366 2739 514 2795 hunnllime
538 2748 564 2795 et
588 2738 785 2795 officiosissime
807 2739 975 2795 commendo.
1020 2740 1076 2795 [tat.
1098 2740 1196 2801 Rome.
1219 2740 1263 2796 die
1286 2740 1380 2813 quinta
1403 2738 1504 2795 mensis
1527 2739 1596 2794 lolii.

301 2828 379 2879 Anno
404 2831 479 2884 1520.

453 2908 480 2964 E.
504 2908 576 2965 Ruue
601 2916 628 2964 et
649 2908 733 2963 lllma

266 2999 293 3038 ²³
536 3023 539 3028 ·
708 2994 735 3047 n.
760 2993 788 3046 V.

706 3078 816 3133 humilis

707 3162 867 3236 Capelianus

930 3247 1089 3303 Valentinus
1111 3247 1145 3302 de
1168 3245 1314 3302 Tetelelreu
1336 3247 1444 3302 lloetor.
1517 3265 1544 3311 ο

367 3334 439 3389 limae
464 3334 489 3388 in
513 3333 571 3406 llpo
595 3333 666 3405 patri
690 3329 716 3388 dr
738 3331 815 3387 lllmo
846 3332 962 3405 principi
991 3338 1018 3387 et
1042 3332 1098 3386 ltno
1122 3332 1177 3385 ftno
1201 3330 1313 3386 Allierto
1338 3331 1368 3386 tt'
1392 3330 1483 3386 Sancti
1505 3330 1598 3385 Grise-

266 3420 293 3463 ³⁰
366 3420 431 3490 goni
448 3419 474 3473 S.
492 3418 539 3473 llo.
555 3417 618 3473 Erl'.
634 3418 761 3474 Presbro.
800 3416 1100 3472 Cardinalillermaniae
1115 3413 1451 3479 Primati&Saerillom.
1489 3415 1598 3487 imperii

366 3503 484 3576 Principi
507 3502 626 3559 Electori
649 3500 675 3559 da
696 3502 809 3557 llomiuo
832 3519 892 3556 meo
916 3500 1171 3555 olrsorrandissirno.

321 3802 540 3836 wrrrsuueaes.
835 3767 1067 3843 CLXXVII.
1284 3799 1352 3833 ros-r
1366 3800 1394 3833 a.
1409 3799 1466 3833 rra.
1480 3798 1505 3833 n.
1522 3793 1579 3832 raro.

1262 3854 1598 3864 ——--——--

841 3926 964 3966 OPTIMO
988 3924 1065 3966 Vtuo
1148 3949 1150 3953 ·

676 4006 820 4055 DOMINO
840 4005 1005 4057 GEORGIO
1025 4004 1230 4057 SPALATINO

724 4094 877 4134 rannone
902 4095 963 4135 svo
988 4095 1029 4135 ne
1053 4094 1180 4135 oonrno

694 4176 879 4255 [ruituris
901 4179 1147 4236 nttnncttrttort
1170 4174 1212 4255 S.]

389 4318 479 4379 Salve,
509 4317 544 4372 mi
572 4317 710 4373 carissime
738 4316 877 4389 Spalatine
900 4359 1096 4372 .........
1141 4316 1218 4371 llitto
1240 4314 1402 4371 Erasmicaru
1426 4324 1453 4370 et
1476 4315 1600 4371 lluttoni·

303 4421 361 4458 cam
391 4402 596 4477 epistolas‚‘nt
618 4401 716 4456 rideas.
763 4402 841 4456 l'ides
868 4403 902 4458 de
931 4402 1046 4458 llartino
1074 4402 1188 4457 alterurn
1217 4400 1291 4456 orbis
1320 4401 1452 4462 attriversi,
1482 4401 1597 4456 alterum

305 4552 464 4602 CLXXVII.
484 4551 590 4615 Corpus
602 4550 822 4599 Reformatorum
836 4549 1109 4601 edltretselmcider.
1128 4549 1188 4597 Vol.
1203 4549 1223 4596 1.
1238 4547 1302 4596 Hal.
1317 4546 1390 4596 1834.
1403 4546 1439 4595 4⁰.
1452 4562 1478 4610 p.
1492 4546 1597 4611 262.sq.

496 4652 521 4684 n.
535 4633 577 4683 87.
598 4634 671 4695 (‚,Ex
690 4634 864 4710 nratograplao
883 4635 911 4682 in
930 4633 996 4683 Cod.
1015 4633 1102 4682 Basil.
1122 4634 1152 4681 F.
1168 4632 1224 4680 lot.
1240 4632 1320 4695 epist.
1335 4629 1407 4691 ⁸25.”)
1525 4685 1529 4692 ,

344 4828 349 4839 ¹
372 4771 383 4802 ⁹
401 4771 513 4821 libellus
532 4768 590 4835 ille]
611 4769 717 4834 dialogi
728 4770 853 4818 Fortuna
871 4775 935 4826 ete,
955 4784 990 4818 ea:
1008 4768 1096 4833 quidue
1114 4768 1195 4816 Trias
1207 4767 1333 4821 Romana
1346 4767 1543 4817 Romanensr'lrus
1555 4770 1598 4817 nri-

305 4860 368 4906 ru'me
385 4860 489 4920 placere
507 4862 597 4919 potnit.
655 4851 676 4884 ²⁸
695 4850 737 4917 tr]
757 4858 774 4904 i.
788 4870 811 4903 e.
824 4856 893 4903 tituli
915 4854 950 4901 Η.
966 4855 1073 4902 Gerdes.

371 4940 394 4971 ³⁷
415 4941 532 4989 Hntteni
557 4940 592 4988 acl
610 4938 762 4987 Lutherum
781 4937 921 4986 d.4.1un.
942 4937 1074 5000 seriptum
1094 4952 1137 5001 ep.
1152 4951 1233 5001 quam
1252 4950 1336 4999 supra
1354 4951 1380 4999 p.
1394 4935 1453 4985 355.
1468 4951 1508 4999 oq.
1523 4935 1598 4985 exhi-

304 5027 420 5082 buimus
433 5024 502 5074 vult.
521 5024 694 5073 Erasmicam
709 5027 802 5071 nutem
816 5020 1006 5070 adalbertum
1015 5022 1090 5083 Meg.
1106 5019 1238 5069 ‘nonnihil
1249 5021 1283 5069 D.
1294 5020 1407 5070 Martini
1421 5020 1538 5068 Lutheri
1551 5036 1598 5070 ne-

303 5112 420 5176 gocium'
441 5112 638 5175 attingentem,
658 5107 767 5158 Lorani
786 5101 881 5156 Caleni.
894 5107 963 5156 Nor.
979 5121 1005 5155 a.
1021 5103 1093 5154 loll).
1113 5105 1260 5170 scriptam,
1281 5121 1307 5154 a.
1323 5102 1397 5154 1520.
1414 5103 1595 5171 publicatam.
