4067 6209
562 793 646 847 cvu.
667 812 791 847 nvrreur
804 811 841 846 no
854 812 998 849 rnaucrsc.
1013 813 1077 848 nnc.
1091 814 1228 850 rnaucoe.
1242 816 1284 850 ar.
1298 817 1325 850 n.
1338 809 1372 849 as.
1386 799 1468 852 rnhn.
1483 810 1541 854 tote.
1622 791 1695 863 245

401 989 461 1031 suae
484 971 514 1030 in
537 968 643 1031 delitiis
666 967 786 1040 lrabeat,
817 970 901 1030 errius
928 976 1032 1048 quarto
1061 970 1168 1031 abhinc
1196 989 1272 1031 anno
1301 972 1438 1032 maritum
1462 975 1620 1036 occiderat.
1664 977 1764 1037 int-¹⁷.

402 1091 517 1133 summa
545 1080 577 1132 tu
605 1073 653 1149 pie
684 1077 712 1130 et
742 1073 823 1149 regie
844 1073 932 1132 vitam
959 1072 1122 1141 instituisti,
1150 1071 1206 1132 ille
1227 1091 1310 1132 sacra
1338 1084 1455 1151 semper
1485 1051 1696 1157 prophanaque

401 1176 498 1233 omnia
521 1174 640 1251 polluit;
675 1174 712 1233 de
735 1180 763 1231 te
786 1173 864 1233 nulla
887 1172 954 1233 mali
978 1174 1116 1233 facinoris
1137 1172 1264 1251 suspicio
1286 1192 1416 1253 unquam
1439 1177 1509 1247 luit,
1535 1167 1584 1238 ille
1605 1198 1694 1258 peeo-

400 1275 490 1345 lator,
514 1274 644 1344 adulter,
668 1273 758 1343 latro,
786 1276 932 1352 parricida
955 1283 984 1336 et
1006 1277 1136 1335 omnium
1166 1268 1361 1353 pessimorum
1389 1277 1534 1354 scelerum
1557 1300 1592 1342 ao
1613 1283 1693 1359 llagi·

378 1380 509 1438 5tiorum
531 1378 666 1446 nomine,
689 1376 809 1454 publico
832 1379 918 1438 etiam
940 1378 1048 1438 iudicio
1071 1379 1219 1438 convictus
1242 1385 1294 1439 est.
1333 1378 1369 1438 Et
1391 1399 1459 1440 cum
1481 1381 1539 1442 hoe
1560 1391 1693 1444 monstro
1704 1392 1723 1441 t.
1731 1391 1762 1437 ¹⁸.

399 1479 510 1558 aliquid
532 1479 584 1539 tibi
607 1498 779 1548 commune,
809 1479 918 1539 nedum
941 1478 1036 1540 lodus
1059 1487 1094 1539 et
1109 1482 1265 1541 amicitiam
1289 1500 1353 1542 esse
1375 1480 1481 1541 velles?
1514 1483 1557 1542 liii
1579 1483 1692 1555 melius,

399 1600 488 1660 qnam
518 1583 560 1641 sic
588 1587 669 1641 extra
697 1588 727 1641 te
754 1582 866 1658 positus
894 1599 1024 1659 unquam
1046 1582 1095 1641 sis.
1141 1580 1304 1651 Quinetiam
1327 1601 1386 1642 non
1408 1583 1445 1644 ad
1468 1584 1526 1662 hoe
1546 1585 1693 1647 infredus

398 1691 427 1742 te
450 1690 548 1750 vocat,
577 1682 656 1761 quod
679 1682 889 1744 beneficiorum
917 1685 994 1743 inter
1015 1702 1066 1742 vos
1094 1683 1153 1743 ulla
1176 1702 1240 1744 esse
1261 1686 1428 1746 vicissitudo
1451 1688 1557 1764 possit,
1587 1688 1642 1747 sed
1661 1697 1693 1749 ut

398 1791 456 1845 tuae
484 1786 621 1862 potentiae
651 1785 772 1845 obtento
801 1805 866 1864 quae
894 1786 1033 1845 notanda·
1047 1785 1138 1845 multa
1167 1789 1360 1863 perpetravit,
1390 1805 1493 1848 eorum
1515 1788 1690 1867 supplicium

364 1885 540 1946 ¹⁰declinet:
574 1887 691 1965 iamque
713 1886 810 1964 palam
832 1887 942 1948 Gallica
963 1887 1050 1947 nobis
1071 1906 1153 1948 arma
1175 1889 1325 1949 minitatur
1352 1897 1381 1950 et
1402 1896 1431 1950 to
1454 1889 1617 1950 certicibus
1637 1910 1690 1950 no-

397 1990 466 2047 stris
488 1988 693 2064 impositurum
715 2007 747 2050 se
770 2008 876 2067 magno
900 2008 966 2049 cum
989 1996 1104 2049 terrore
1127 1990 1222 2050 iactat.
1261 1989 1346 2060 Quod
1368 1992 1474 2051 sinon
1496 1992 1578 2069 fingit
1594 1999 1623 2052 et
1637 1993 1690 2053 abs
1699 1998 1718 2048 t.
1728 1998 1758 2043 ¹⁹.

397 2097 425 2150 te
448 2090 622 2167 promissam
645 2108 731 2167 opem
754 2084 865 2151 certam
888 2090 976 2151 lraltet
991 2097 1102 2169 tuoque
1116 2093 1209 2152 fretus
1224 2092 1330 2151 auxilio
1347 2093 1431 2153 nobis
1446 2094 1575 2162 resistet,
1599 2112 1690 2171 quan·

396 2210 485 2270 quarn
507 2191 679 2268 persuaderi
701 2193 759 2252 hoo
786 2211 846 2252 non
868 2211 1002 2270 possum,
1031 2200 1129 2253 tamen
1156 2195 1181 2252 si
1211 2193 1340 2254 obtineat
1368 2194 1448 2263 dico,
1478 2195 1569 2255 ricem
1599 2203 1689 2267 tuam,

396 2312 465 2361 rex,
496 2280 596 2362 doleo,
625 2269 752 2371 primurn
782 2295 849 2372 quia
876 2295 987 2371 regiam
1020 2296 1200 2355 maiestatem
1231 2295 1316 2355 video
1347 2294 1486 2372 impudici
1518 2299 1688 2357 scortatoris

361 2394 533 2455 ¹⁵sordibus
555 2397 762 2466 contaminari,
792 2395 899 2455 deinde
922 2396 988 2474 quia
1009 2402 1040 2456 te
1062 2397 1104 2455 sic
1126 2395 1249 2456 oblitum
1278 2396 1320 2457 tui
1341 2395 1460 2467 videbo,
1489 2405 1522 2457 ut
1543 2398 1688 2475 iniquissi-

394 2516 473 2556 mam
496 2496 724 2573 desperatissimi
744 2496 865 2556 latronis
881 2515 999 2557 causam
1014 2496 1229 2558 defendendam
1245 2500 1407 2576 suscipiens
1420 2506 1451 2559 te
1464 2493 1574 2577 tuaque
1589 2501 1685 2560 onmia

394 2599 424 2657 in
446 2605 580 2677 apertum
603 2599 759 2659 discrimen
782 2598 920 2659 adducas.
946 2597 1026 2657 vlam
1047 2605 1077 2658 te
1100 2599 1157 2658 hoc
1179 2616 1238 2658 non
1261 2598 1369 2659 caelabo
1398 2602 1490 2670 enirn,
1519 2601 1748 2671 virescente

394 2700 479 2760 nobis
502 2718 574 2778 quas
596 2702 666 2760 satis
688 2701 801 2760 futuras
822 2707 960 2777 putemus
982 2717 1042 2759 non
1059 2707 1174 2760 tantum
1190 2698 1321 2762 adhunc
1337 2701 1562 2770 destruendum,
1585 2720 1688 2762 verum

394 2803 480 2860 etiam
509 2801 650 2861 adversus
677 2819 873 2880 quancunque
902 2800 979 2861 illius
1011 2802 1181 2863 societatem
1211 2821 1265 2862 nos
1292 2802 1517 2863 defendendum.
1562 2803 1687 2879 proinde

357 2904 437 2961 ²⁰sie
460 2904 568 2979 cogita,
592 2921 659 2972 rer,
682 2904 830 2979 provisum
854 2903 940 2963 nobis
962 2922 1041 2971 esse,
1071 2904 1153 2982 siqua
1176 2905 1206 2963 in
1228 2904 1383 2964 adversum
1404 2906 1446 2963 vis
1468 2906 1599 2981 ingruat,
1622 2905 1686 2981 qui·

393 3003 449 3063 ltrrs
470 3003 613 3080 praesidiis
635 3003 883 3082 quemadmodum
905 3024 964 3064 non
987 3004 1082 3065 solum
1105 3022 1160 3064 nos
1183 3007 1428 3073 communiamus,
1462 3004 1513 3064 scd
1536 3004 1685 3082 quomodo

392 3106 526 3164 inimicos
548 3106 634 3164 etiam
657 3105 847 3167 debellemus.
891 3107 986 3185 Atque
1007 3107 1065 3165 hoc
1088 3124 1156 3166 cum
1178 3106 1231 3165 tibi
1251 3087 1424 3182 praedicam,
1453 3112 1482 3164 et
1504 3108 1567 3183 ipsa
1595 3108 1753 3166 etiamen.

391 3225 441 3266 res
462 3205 559 3282 palam
581 3207 675 3284 magis
696 3209 733 3266 sit
755 3226 843 3285 quam
867 3214 898 3268 ut
920 3215 949 3268 te
972 3209 1075 3286 lugere
1096 3209 1202 3285 possit,
1226 3207 1295 3285 quid
1318 3213 1362 3265 est
1384 3224 1438 3265 cur
1451 3206 1504 3266 libi
1521 3206 1683 3284 periculum

391 3326 545 3367 accersere
577 3307 656 3368 ultro
684 3307 771 3367 velis?
806 3310 850 3368 An
880 3311 918 3369 ita
947 3316 1027 3369 caret
1055 3298 1211 3369 Germania
1244 3307 1425 3376 hominibus,
1460 3316 1511 3368 aut
1537 3308 1611 3368 adeo
1636 3308 1684 3367 nie

356 3415 495 3469 ²lomnes
523 3410 676 3469 amicitiam
705 3418 902 3488 aspernantur
930 3418 1026 3479 tuam,
1059 3418 1092 3470 ut
1121 3411 1157 3470 ad
1185 3409 1332 3469 fedissimi
1361 3409 1487 3468 hominis
1514 3410 1682 3468 societatem

341 3497 343 3500 ¹
392 3511 552 3589 coningere
574 3511 626 3571 tibi
648 3529 769 3571 necesse
791 3513 845 3571 siti
878 3512 1045 3572 Clarissimo
1073 3532 1138 3581 rex,
1169 3512 1278 3589 optime
1305 3511 1456 3587 princeps,
1485 3509 1544 3569 noli
1574 3511 1750 3569 lamamtaa

390 3613 473 3689 prius
494 3619 574 3673 tuam
597 3613 791 3689 pessundare,
815 3614 920 3674 deinde
942 3622 971 3674 te
994 3614 1080 3672 etiam
1103 3630 1286 3691 regnumque
1307 3620 1391 3673 tumn
1414 3614 1443 3671 in
1465 3628 1596 3688 praeceps
1615 3629 1682 3670 cunr

390 3713 565 3781 abduxeris,
588 3704 686 3773 subito
709 3713 802 3792 lapsui
824 3716 984 3775 obnoxium
1007 3717 1120 3775 lacere:
1152 3715 1241 3793 idque
1263 3714 1389 3774 hominis
1412 3729 1498 3773 causa
1522 3713 1571 3789 qui
1586 3730 1683 3790 neque

391 3833 479 3874 manu
502 3822 676 3884 strennuus,
706 3834 802 3894 neque
824 3816 945 3877 consilio
968 3818 1065 3877 bonus
1092 3817 1146 3877 luit
1166 3834 1312 3894 unquam;
1346 3814 1429 3875 cuius
1450 3821 1480 3874 te
1501 3811 1589 3874 nullae
1611 3831 1683 3890 opes

353 3918 490 3977 ³⁰iuvare
513 3923 563 3977 aut
584 3919 705 3978 virtutes
726 3920 884 3979 honestare
906 3926 1044 3996 possunt,
1075 3918 1126 3978 sed
1149 3925 1250 3977 contra
1274 3918 1323 3995 qui
1346 3917 1424 3975 omni
1451 3916 1480 3974 in
1504 3916 1583 3975 lmnc
1604 3915 1682 3976 diem

389 4018 496 4078 malitia
520 4018 660 4096 praeditus
682 4021 712 4080 in
734 4020 949 4080 nefandissimis
971 4040 1003 4080 se
1025 4020 1186 4080 sceleribus
1211 4021 1357 4089 excreuit,
1388 4026 1416 4079 et
1443 4017 1526 4079 cuins
1555 4024 1584 4078 te
1611 4036 1680 4078 eon·

389 4121 608 4180 taminatissima
636 4122 713 4198 apud
742 4141 844 4182 omnes
867 4123 1041 4182 existimatio
1064 4122 1100 4181 ad
1123 4140 1225 4199 parem
1246 4123 1393 4203 iniamiam
1417 4120 1552 4181 adducet.
1596 4119 1749 4179 Humi-²³·

389 4229 436 4291 tu,
454 4224 600 4299 inquam,
631 4222 713 4299 luge,
743 4242 811 4292 rex,
843 4225 866 4283 si
895 4223 1007 4284 alienus
1035 4244 1080 4293 cs;
1118 4226 1141 4283 si
1170 4225 1358 4294 coniunctus,
1388 4224 1503 4283 desere:
1541 4222 1680 4300 rusticani

388 4323 523 4383 homines
550 4331 580 4383 et
609 4330 739 4383 extreme
765 4325 855 4385 rudes
884 4324 1005 4385 llelretii
1034 4346 1102 4387 cum
1124 4326 1216 4386 valida
1238 4344 1327 4386 manu
1349 4327 1379 4385 in
1401 4323 1540 4385 aumlimn
1562 4324 1681 4399 iampri-

350 4425 455 4484 ³⁵den1
479 4422 555 4484 illius
578 4425 729 4494 exiissent,
753 4428 930 4487 conscientia
951 4428 1036 4498 tacti,
1059 4428 1185 4507 quadam
1209 4428 1294 4488 etiam
1317 4427 1383 4487 fidei
1405 4445 1465 4486 suae
1486 4443 1554 4485 cum
1569 4424 1679 4489 iactura

385 4574 594 4587 ...-—

387 4680 444 4740 ηψπ
461 4675 466 4743 Ι
482 4678 540 4740 silit
559 4679 659 4740 traditu
678 4679 749 4742 totto
766 4677 798 4743 jn
817 4680 957 4744 prtqmtdp.
974 4675 979 4745 Ι
994 4679 1048 4734 dno
1063 4689 1108 4734 aaa
1126 4680 1246 4741 autorem
1265 4680 1311 4730 mit
1328 4677 1411 4729 ociore
1428 4680 1502 4739 tonet
1519 4672 1524 4742 Ι
1541 4673 1610 4739 &tiit
1628 4675 1679 4726 tit·

385 4763 428 4825 tid)
446 4764 514 4814 olem
534 4760 599 4825 aad
617 4769 687 4815 onor.
705 4760 709 4828 Ι
724 4764 779 4826 pce
793 4764 822 4816 ob
838 4771 871 4817 au
890 4764 974 4827 [otidis
998 4765 1068 4828 motti
1091 4757 1228 4827 proclinat!
1244 4766 1280 4821 §a
1306 4760 1406 4824 trtibtm
1431 4762 1485 4821 nod
1504 4759 1550 4811 mit
1565 4758 1593 4823 jr
1609 4760 1679 4811 otini

386 4846 490 4911 totnani.
512 4841 517 4911 Ι
537 4846 591 4909 ὣισ
615 4847 644 4898 ob
667 4847 701 4909 [it
724 4861 783 4899 mere
803 4848 859 4899 otio
884 4848 966 4909 thetid)
984 4846 1062 4910 panop
1078 4844 1082 4912 Ι
1097 4845 1149 4909 Μ
1167 4856 1219 4910 potr
1243 4846 1288 4897 oie
1311 4846 1341 4908 itt
1367 4846 1406 4898 oie
1429 4845 1519 4908 [donat
1544 4843 1567 4905 to
1590 4840 1678 4906 popu

386 4930 407 4963 ¹⁴
425 4931 525 4979 videbo
539 4932 574 4980 II.
590 4934 615 4980 3.
670 4930 691 4963 ¹⁵
708 4930 809 4980 videbo
827 4932 906 4981 deleo.
922 4934 956 4981 ll.
972 4935 997 4980 3.
1051 4929 1073 4961 ²⁵
1091 4930 1126 4979 nd
1144 4932 1223 4979 deleo.
1242 4937 1267 4978 et
1281 4928 1425 4978 admittere
1444 4927 1503 4992 (pro
1517 4927 1679 4990 confugere)

383 5016 570 5078 arrtpelhd,
633 5014 655 5046 ²⁹
674 5017 876 5065 strenuus2..3.
941 5013 963 5045 ³⁸
983 5020 1011 5063 ot
1030 5011 1288 5078 extr...Heluetii]
1308 5014 1442 5077 imprimis
1460 4996 1542 5061 rud&
1561 5012 1679 5062 Svitzeri

349 5160 355 5167 ,
384 5116 455 5151 corr.
469 5100 505 5150 II.
521 5102 547 5150 3.
600 5098 622 5131 ³⁵
641 5100 722 5166 quad.
789 5096 908 5165 iactum]
930 5099 1047 5165 quodem
1067 5098 1152 5149 etiem
1171 5113 1231 5149 eum
1251 5096 1374 5164 periculo
1392 5096 1456 5147 fidei
1474 5112 1543 5147 corr.
1557 5096 1593 5146 II.
1609 5095 1634 5146 3.
