4067 6209
447 780 519 851 178
623 793 791 843 Lxxxffla
811 808 934 843 urrrsur
948 806 985 841 sn
998 807 1110 843 cnorru
1124 807 1153 841 rs
1167 808 1296 842 usurunu
1310 807 1464 842 rnnrsrro.
1486 801 1545 841 rats.

443 949 568 1043 magnus
589 962 726 1023 Albertns
748 982 781 1022 ac
804 961 1013 1039 irrefragabilis
1036 962 1168 1041 quidam,
1193 965 1275 1023 cuius
1298 963 1368 1024 mihi
1391 981 1498 1023 nomen
1521 981 1575 1041 per
1598 963 1741 1022 incuriam

446 1066 560 1127 excidit.
606 1072 634 1124 et
657 1083 673 1124 a
696 1066 782 1124 tantis
804 1066 951 1141 magistris
973 1066 1045 1124 tanti
1069 1064 1216 1142 discipuli,
1240 1065 1276 1124 ab
1300 1066 1462 1124 istiusmodi
1485 1064 1615 1124 lontibus
1637 1064 1668 1123 hi
1690 1064 1743 1122 riri

444 1174 526 1237 sunt,
550 1174 582 1226 ut
604 1167 676 1225 sciat
697 1163 801 1243 aliquis
823 1165 858 1225 ad
875 1167 995 1225 Scotum
1018 1173 1160 1243 qrrautum
1183 1165 1268 1225 nuliis
1290 1174 1394 1234 restet,
1419 1168 1468 1245 qui
1490 1168 1565 1225 inter
1580 1173 1743 1225 sectatores

375 1267 521 1329 §.ltillius
543 1276 602 1327 tam
623 1266 694 1326 nibil
718 1268 841 1335 scimus,
866 1275 924 1327 tam
947 1286 1049 1327 suiuus
1072 1269 1217 1328 inerudite
1240 1268 1354 1329 eruditi.
1393 1284 1560 1346 quanquam
1584 1274 1614 1327 tn
1638 1264 1741 1326 solitus

443 1372 482 1431 sis
504 1370 610 1430 imitari
633 1370 682 1447 qui
705 1387 758 1427 uos
781 1368 849 1429 olim
872 1369 1038 1429 docuerunt
1061 1368 1249 1429 Colouicuses
1272 1377 1300 1430 et
1322 1370 1496 1450 syllogismis
1512 1368 1682 1434 fulminare,
1707 1385 1770 1425 ace

443 1474 468 1533 si
490 1471 608 1550 quaudo
630 1473 814 1549 provocaris,
838 1470 974 1531 alacriter
991 1471 1146 1549 congredi,
1170 1489 1334 1548 opponere,
1359 1490 1524 1538 assumere,
1548 1470 1739 1548 respondere.

445 1573 648 1634 conclusiones
670 1575 815 1633 sustinere
845 1573 889 1632 bis
918 1574 1035 1650 triginta
1066 1590 1291 1651 nonnunquam,
1326 1593 1450 1652 arguere
1477 1591 1532 1651 pro
1562 1580 1591 1631 et
1619 1579 1738 1631 curura:

376 1685 434 1736 §.¹2
446 1694 533 1754 quern
556 1672 596 1734 illi
618 1692 678 1734 non
693 1677 789 1735 statim
804 1673 947 1752 probant,
971 1676 1049 1752 (quiid
1067 1692 1126 1733 riou
1141 1674 1301 1735 formaliter
1318 1678 1434 1735 corisuis
1449 1681 1636 1753 argumenta:
1660 1672 1737 1749 quod

443 1795 536 1855 genus
558 1785 602 1836 est
623 1776 672 1836 illa
694 1778 815 1854 quaestio
838 1776 892 1835 ‘An
914 1776 1027 1835 acutius
1050 1774 1157 1853 aliquid
1182 1778 1280 1837 ridere
1303 1779 1431 1855 potuerit
1453 1784 1553 1854 raptus
1575 1776 1738 1835 intertium

444 1877 549 1938 crelam
578 1877 699 1946 l’anlus,
729 1897 816 1956 quam
845 1879 874 1937 iu
896 1896 949 1937 sua
972 1876 1060 1946 cella,
1090 1896 1157 1937 cum
1179 1881 1266 1938 tantis
1289 1878 1535 1956 speculatiouilms
1565 1876 1769 1936 indormiretu

446 1981 601 2060 aliquando
624 1980 728 2041 doctor
750 1979 885 2048 sauctus’,
909 1988 1008 2048 acute,
1032 1988 1064 2038 ut
1087 1980 1156 2039 mibi
1179 1980 1345 2048 ridebatur,
1368 1998 1422 2057 per
1445 1987 1472 2039 tc
1495 1979 1656 2055 disputata,
1686 1977 1737 2060 sed

377 2082 482 2147 §.raab
505 2082 671 2142 illuminatis
693 2081 851 2142 Tbomistis
872 2082 922 2159 qui
944 2080 998 2141 soli
1020 2082 1177 2141 cercinum
1199 2080 1323 2151 habent,
1347 2080 1536 2140 discutiemla.
1567 2080 1632 2139 Non
1647 2081 1739 2156 magis

447 2194 512 2245 orto
534 2183 596 2244 sole
618 2191 794 2245 evanescunt
816 2184 934 2244 urinirua
957 2184 1077 2263 sulcia,
1102 2201 1188 2261 quam
1210 2201 1278 2251 uos,
1303 2183 1405 2248 Crete,
1428 2189 1655 2260 quantocunque
1671 2199 1739 2239 cou-

446 2294 550 2356 ventu,
585 2286 711 2364 quodam
734 2305 766 2345 se
789 2285 951 2345 istiusmodi
979 2285 1080 2344 farinae
1108 2284 1235 2343 clamoso
1264 2284 1458 2362 tripudiatore
1487 2285 1653 2360 ingerente.
1689 2281 1739 2340 ob·

376 2389 524 2457 §.sessuri
546 2390 656 2448 timus·
693 2386 750 2447 Sed
780 2385 847 2446 andi
875 2404 973 2446 nterim
1002 2386 1057 2445 liae
1085 2386 1114 2444 in
1142 2385 1369 2446 reconsilium:
1398 2393 1553 2463 postquam
1583 2384 1654 2443 mibi
1682 2392 1767 2442 sto-ra

445 2490 584 2550 maelium
607 2497 762 2549 moverunt
783 2490 831 2548 isti
853 2486 922 2548 olim
945 2487 1066 2564 superbi
1089 2486 1185 2565 legum
1209 2487 1440 2564 dispensatores
1465 2488 1572 2555 fatcor,
1603 2504 1666 2545 esse
1689 2484 1739 2542 ali-

447 2592 517 2669 quid
540 2591 677 2651 contendi
705 2598 734 2650 ct
762 2609 797 2650 eo
825 2590 953 2649 studium
983 2588 1091 2648 corrtuli
1119 2609 1233 2658 meum,
1268 2609 1302 2648 ace
1330 2588 1510 2667 dispeream,
1545 2590 1570 2647 si
1597 2586 1654 2646 ulla
1686 2585 1740 2645 alia

446 2692 560 2752 ratione
575 2710 664 2769 qnam
679 2691 722 2751 rel
738 2697 770 2751 ut
791 2709 923 2750 nieorum
945 2690 1100 2769 desyderio
1121 2692 1333 2759 satisfacerem,
1357 2689 1400 2749 rel
1421 2694 1517 2768 ipsum
1538 2689 1624 2757 illud,
1649 2707 1741 2766 quan·

418 2839 421 2851 .
447 2801 628 2872 tumennque
654 2793 841 2870 nugatorium
871 2800 929 2862 est,
964 2811 1023 2869 quo
1051 2794 1096 2851 isti
1126 2793 1306 2871 triumphant
1334 2791 1531 2860 llartlmlistae‚
1566 2797 1741 2868 assequutus

448 2902 628 2973 acreeptoque
650 2894 789 2954 doctrinar
811 2893 895 2954 titulo
917 2912 975 2973 quo
999 2893 1093 2971 decipi
1116 2893 1218 2971 urlgus
1241 2901 1331 2962 amat,
1366 2893 1402 2952 ab
1431 2891 1486 2952 illis
1514 2900 1614 2971 postea
1645 2892 1739 2951 audiri
1749 2912 1774 2951 ae

378 3006 596 3066 suntuna,
627 2995 705 3075 qnod
733 2994 817 3055 aliter
846 3014 899 3073 per
928 3003 1127 3073 contemptum
1157 3013 1216 3054 uon
1246 2995 1341 3055 fiebat.
1387 2996 1543 3055 Doctorcur
1571 2996 1647 3054 enirn
1677 3013 1741 3053 csse

447 3105 564 3177 oportet
579 3117 674 3167 nnuc,
698 3098 817 3158 doctum
833 3116 929 3176 neque
944 3116 1065 3157 necesse
1081 3104 1139 3165 est,
1163 3115 1259 3175 neque
1277 3099 1395 3157 oninino
1411 3096 1519 3175 aliquid
1535 3106 1588 3157 est.
1627 3097 1740 3166 Quanta

446 3199 597 3261 literarum
620 3201 731 3260 iactura
753 3200 810 3259 hoc
833 3200 940 3259 lacius?
962 3198 1058 3259 aiebat
1080 3199 1192 3277 aliquis
1239 3199 1341 3260 ‘Nulla'
1364 3199 1519 3276 respondi,
1545 3200 1664 3277 ‘quippe
1688 3199 1740 3257 im·

447 3302 635 3381 pendendum
657 3300 765 3379 aliquid
787 3302 920 3361 succisiri
936 3302 1091 3379 temporis,
1115 3301 1185 3361 dum
1202 3304 1270 3361 istas
1285 3301 1434 3361 illiteratas
1449 3300 1547 3361 literas
1563 3307 1650 3377 atque
1667 3300 1741 3359 banc

448 3472 549 3537 Apono
562 3487 584 3519 s.
598 3472 729 3538 Aquinas,
743 3470 861 3535 Apulus,
881 3470 1027 3536 theologus
1040 3470 1218 3536 philosophus
1231 3471 1428 3532 scholasticus,
1450 3485 1511 3520 cum
1524 3470 1651 3535 magistri
1666 3470 1742 3517 Petri

447 3556 611 3617 Lombardi‚
632 3556 761 3620 Magistri
780 3557 981 3605 sententiarum
999 3557 1029 3618 t†
1050 3555 1143 3619 llus),
1165 3555 1414 3605 celebratissimum
1426 3557 1628 3606 sententiarum
1643 3554 1741 3602 librum

449 3640 628 3705 interpretari
647 3642 791 3706 caepisset,
812 3640 946 3700 Colonia,
967 3641 1099 3702 Parisiis,
1120 3641 1210 3689 Roman
1230 3645 1258 3688 ot
1276 3641 1304 3689 iu
1323 3641 1387 3690 aliis
1401 3641 1490 3690 Italian
1504 3639 1668 3690 civitatibus
1682 3654 1740 3687 earn

396 3764 402 3776 .
447 3726 551 3775 lauram
570 3726 717 3775 adsecutus
737 3731 793 3789 est,
813 3732 844 3774 ut
861 3727 934 3774 inter
950 3726 1150 3775 Darniuieanos
1168 3740 1245 3782 seros,
1271 3726 1317 3790 qui
1340 3726 1374 3775 ab
1395 3726 1454 3774 eius
1478 3726 1588 3775 nomine
1610 3724 1742 3773 Tdomirtne

447 3816 594 3870 vocantur,
623 3801 815 3859 sanctissimus
833 3809 984 3859 haberetur
1007 3815 1036 3859 et
1060 3810 1174 3875 angelus
1198 3810 1313 3870 scholar,
1342 3811 1437 3859 doctor
1459 3811 1617 3875 angelicus,
1647 3809 1743 3857 «lector

449 3895 612 3955 communis,
633 3894 800 3943 cherubiuus
820 3899 848 3943 et
866 3894 1048 3959 evangelicus
1067 3894 1288 3960 appellitsretur.
1313 3900 1395 3943 natus
1415 3900 1457 3943 est
1476 3911 1500 3944 u.
1517 3894 1599 3956 1221,
1620 3899 1742 3943 mortuus

449 3995 475 4028 a.
492 3979 564 4028 127⁴.
635 3977 641 4011 ¹
662 3980 743 4028 unice
762 3976 887 4043 maguus]
907 3979 1037 4028 Albertus
1055 3980 1243 4045 Isauingeusis
1262 3981 1380 4040 suerin,
1406 3995 1485 4043 quom
1510 3980 1558 4028 alii
1579 3996 1611 4028 ex
1630 3979 1742 4028 farnilbo

449 4065 573 4125 notariae,
594 4062 644 4112 alii
657 4063 769 4113 honoris
783 4078 868 4112 carisa
880 4065 1012 4127 Magnum
1025 4064 1161 4113 nominari
1175 4069 1285 4129 putant,
1305 4065 1409 4113 ordinis
1422 4065 1633 4128 praedicatorum
1647 4065 1743 4113 doctor

449 4148 617 4196 Parisiensis
642 4163 668 4196 a.
684 4145 758 4197 1236.
795 4146 917 4195 Coloniae
936 4147 1069 4196 Tbomam
1087 4149 1254 4212 Aquinatem
1277 4149 1443 4213 discipulum
1463 4137 1564 4199 babuit
1587 4150 1741 4198 utineam

448 4233 556 4290 urbem,
577 4233 721 4296 postquam
741 4247 766 4280 a.
782 4230 855 4280 lano.
869 4232 1016 4296 episcopus
1030 4233 1242 4297 Ratispouensis
1255 4235 1347 4284 factus
1360 4235 1465 4295 fuerat,
1487 4250 1512 4283 a.
1528 4232 1601 4284 radi.
1616 4249 1742 4284 reversus

449 4318 488 4366 ibi
508 4333 533 4366 a.
550 4317 623 4367 lasti.
637 4319 697 4366 vita
710 4317 821 4366 functus
835 4319 886 4365 est.
917 4316 1038 4381 Operum
1051 4305 1111 4366 eius
1124 4319 1252 4384 Lugduni
1267 4336 1291 4369 a.
1308 4319 1380 4369 11151.
1396 4320 1529 4369 editorum
1542 4324 1606 4369 suut
1618 4321 1683 4369 XXI
1694 4336 1757 4384 rog

447 4402 554 4453 luminu
573 4403 600 4450 iu
614 4401 671 4463 fol,
684 4400 841 4451 fabularum
853 4400 887 4450 de
900 4402 960 4451 viro
974 4408 1118 4452 enatarunt
1131 4404 1357 4455 innumerabiles.

518 4482 750 4553 ¹irrefragabilis]
764 4484 921 4536 Alexander
947 4486 980 4534 de
1009 4487 1095 4536 Hales
1122 4504 1143 4538 s.
1172 4490 1316 4551 Helenam,
1348 4491 1564 4551 Frarreiseanns,
1597 4492 1741 4541 Bonaven·

449 4579 519 4622 turae
539 4578 567 4622 et
589 4572 666 4623 Scoti
684 4573 826 4637 magister,
846 4570 963 4636 Augias,
984 4573 1002 4632 †
1022 4573 1110 4621 Paris.
1131 4589 1155 4623 a.
1172 4573 1245 4622 12⁴5.
1280 4576 1313 4623 ln
1332 4575 1475 4640 epitaphio
1495 4577 1554 4625 eius
1574 4581 1631 4625 est:

687 4657 783 4707 Gloria
801 4657 955 4717 doctorum,
976 4657 1061 4707 clectis
1080 4663 1108 4706 et
1127 4658 1175 4709 llos
1193 4659 1425 4724 pbilosophorum,

687 4743 790 4791 Auctor
806 4743 970 4807 scriptorum
990 4742 1031 4792 vir
1048 4741 1206 4807 Alexander
1222 4745 1369 4807 variorum,

687 4827 787 4876 Norma
806 4828 1007 4888 modernorum,
1029 4826 1091 4875 fons
1110 4828 1181 4886 veri,
1202 4826 1248 4876 lux
1267 4828 1392 4879 aliorum.

450 4909 668 4962 ⁵colonienses.
687 4928 767 4976 usurp.
783 4915 814 4961 Ι).
850 4908 1090 4963 ⁷cdclufioussC.
1126 4910 1276 4973 ”Qnuftie
1296 4914 1463 4979 theologica.
1477 4917 1596 4978 staticuli.
1639 4916 1740 4966 ¹²llius

449 4996 579 5046 Thomas.
592 4997 711 5061 marpll.
776 4994 797 5027 ¹⁸
820 4997 1016 5061 tripuditatorc
1030 4995 1064 5045 B.
1131 4994 1151 5027 ¹⁶
1169 4996 1286 5062 Superbi
1305 4998 1370 5063 legii
1382 4998 1597 5063 dispensatores.
1617 5019 1697 5068 rrrnrp.
1710 5005 1739 5052 ll.

451 5078 471 5112 ¹⁸
491 5078 672 5130 llartlroliftoe.
685 5081 805 5145 inerpll.
858 5087 1003 5131 assecutus
1016 5084 1041 5129 5.
1052 5083 1076 5130 6.
1129 5079 1149 5114 ²¹
1168 5089 1224 5139 α’
1242 5100 1322 5149 rrrrrrp.
1330 5085 1363 5133 1).
