4067 6209
475 770 549 842 338
623 783 704 834 CLX.
723 798 807 833 caera
821 796 937 833 avaram
951 796 987 829 ιι)
999 796 1148 831 uaurxavn
1161 795 1311 833 nvruauvir
1324 797 1367 831 ιν.
1381 798 1409 832 n.
1421 791 1455 833 28.
1470 798 1534 833 nea.
1551 791 1613 832 tato.

475 966 585 1015 sanctus
606 958 675 1018 cris,
705 973 759 1011 non
783 956 899 1011 donatus
920 974 933 1010 a
956 953 1083 1028 pontifice
1109 956 1223 1010 maximo
1242 955 1349 1010 civitate
1370 965 1544 1019 sanctornm,
1575 974 1666 1031 penes
1696 973 1777 1030 quem

474 1042 562 1099 solum
583 1050 637 1097 stat
657 1059 687 1096 ea
709 1049 845 1115 potestas,
876 1047 907 1094 ut
929 1056 1015 1112 nuper
1035 1048 1078 1095 est
1100 1040 1238 1111 agnitum?
1272 1038 1317 1095 ille
1339 1058 1402 1096 vero
1425 1050 1452 1096 te
1470 1043 1601 1103 donabit,
1627 1042 1708 1098 coins
1730 1059 1777 1095 ιιιι-

475 1125 588 1182 ctoritas
608 1144 656 1200 per
677 1134 702 1180 te
724 1124 835 1196 languet
857 1142 886 1179 ac
907 1124 985 1180 cuius
1007 1122 1186 1195 indulgencia*
1207 1124 1392 1198 disputatione
1414 1136 1458 1181 tua
1474 1136 1614 1184 enervatae
1631 1126 1776 1181 esuriunt?

419 1222 465 1271 §.t
475 1211 512 1266 nil
538 1212 661 1285 proderit
682 1210 770 1265 lavare
792 1208 889 1265 stolam
913 1209 1094 1280 insanguine
1118 1209 1191 1281 agni.
1235 1210 1273 1264 dd
1296 1217 1424 1265 aternam
1443 1211 1525 1267 vitam
1548 1212 1617 1285 quid
1641 1229 1714 1284 opus
1734 1219 1776 1265 est

474 1296 548 1352 lmlla
569 1295 690 1351 ecclesiae
720 1294 948 1367 repraesentativa»v
977 1302 1005 1348 et
1035 1310 1147 1348 assensu
1168 1294 1359 1366 lllagistrorum
1385 1303 1558 1358 uostromm,
1590 1297 1654 1351 sine
1674 1294 1796 1368 quibns⁵

476 1380 616 1456 repulsum
638 1379 750 1454 patieris
772 1378 924 1434 sanctitatis
945 1379 1015 1451 apud
1037 1376 1147 1433 celeste
1174 1377 1309 1434 tribunal?
1339 1378 1360 1433 0
1381 1379 1556 1436 christianam
1572 1380 1775 1439 infelicitatem.

477 1466 631 1540 opriscam
652 1465 745 1521 sideni!
780 1464 852 1519 itane
874 1462 997 1535 oportuit
1017 1462 1106 1518 omnia
1126 1463 1215 1518 «lirina
1237 1463 1361 1519 bumanis
1388 1464 1499 1520 reddere
1528 1473 1613 1539 atque
1641 1464 1777 1521 contami·

420 1552 553 1615 §.suarii
583 1549 632 1605 Eat
653 1567 723 1605 nunc
746 1548 844 1621 aliquis
871 1557 899 1602 et
921 1556 1002 1619 neget
1023 1545 1164 1603 ecclesiam
1185 1548 1229 1603 dei
1259 1548 1419 1621 gravissimo
1446 1558 1626 1623 persecutore
1654 1549 1776 1605 concini.

405 1644 453 1706 sot.
469 1627 540 1713 15·.Ι
560 1635 636 1702 Quod
657 1651 718 1690 cuin
743 1642 805 1688 ante
827 1631 932 1705 aliquot
954 1648 1039 1688 annos
1060 1630 1172 1688 liberius
1196 1650 1275 1707 qnam
1296 1633 1353 1688 hac
1374 1642 1495 1708 tempora
1514 1636 1609 1690 lerunt
1632 1634 1775 1693 dixissem.

475 1720 636 1795 quandoque
665 1718 809 1774 marcidam
838 1733 962 1772 craneaxn
985 1734 1093 1787 gravem
1126 1726 1241 1791 argento
1273 1718 1361 1772 minus
1392 1719 1584 1791 superstitiose
1613 1718 1807 1779 coluissemtt

475 1805 603 1880 opinione
624 1803 762 1859 cuiusdam
786 1801 876 1874 triagni
898 1802 998 1874 patris,
1023 1802 1099 1856 amici
1122 1811 1228 1863 tamen.
1249 1802 1359 1858 babitus
1381 1820 1439 1858 suin
1454 1803 1618 1860 haereticus:
1641 1804 1713 1859 adeo
1729 1820 1777 1877 pe·

474 1889 576 1946 culiare
602 1897 645 1943 est
673 1888 736 1943 buic
763 1885 863 1942 saecule
891 1886 1015 1942 odiosum
1046 1886 1070 1940 id
1097 1904 1210 1949 nomen,
1240 1903 1339 1960 magno
1366 1897 1527 1958 argumento
1554 1906 1638 1962 quarn
1674 1888 1776 1959 frigeat

474 1973 606 2034 charitas,
640 1972 839 2028 sanctissimum
861 1969 1076 2026 Christianorum
1098 1971 1250 2028 vinculum:
1284 1971 1407 2026 Christus
1430 1990 1480 2029 suo
1502 1972 1529 2027 in
1554 1971 1661 2046 populo
1686 1972 1775 2028 llacba

476 2066 549 2114 recto
578 2056 663 2112 levem
693 2056 867 2129 ignominiam
897 2056 968 2110 lerre
997 2054 1099 2115 noluit.
1133 2056 1256 2130 idemque
1285 2056 1381 2112 iudicia
1407 2074 1498 2113 severe
1528 2057 1611 2112 iussit
1638 2056 1774 2113 cobiberi.

407 2143 536 2199 §.tl-Tibi
556 2159 634 2205 vero,
666 2142 737 2215 quod
759 2140 921 2214 scripturam
943 2140 1114 2196 reverencius
1136 2150 1235 2197 tractas
1259 2158 1338 2216 quarn
1362 2140 1552 2214 theologorum
1575 2140 1639 2204 lilii,
1673 2142 1774 2197 nedum
1783 2148 1806 2190 ¹⁵

476 2228 577 2288 llaclra,
603 2244 695 2282 rerum
715 2226 799 2282 eciam
822 2225 948 2280 haeretica
969 2223 1044 2280 labes
1067 2226 1235 2298 aspergitur;
1264 2227 1400 2282 imovero
1421 2226 1558 2299 leprosum
1580 2227 1774 2286 criminantur.

476 2322 503 2369 et
521 2313 640 2368 ferreum
661 2328 755 2366 nasurn
779 2310 933 2383 impingunt
954 2327 985 2364 ac
1003 2309 1147 2366 Satbanam
1168 2310 1348 2384 proclamant:
1382 2311 1420 2366 bii
1444 2319 1532 2366 tamen
1555 2312 1675 2367 modesti
1702 2319 1774 2371 sunt.

407 2403 465 2452 §.tt
476 2407 504 2454 et
526 2406 556 2453 tu
579 2396 782 2452 inverecundus.
828 2394 906 2450 llicbi
930 2411 994 2449 vero
1016 2395 1104 2450 omnis
1131 2396 1275 2452 iracundiae
1301 2396 1401 2451 Christi
1429 2395 1513 2451 eciam
1539 2395 1618 2451 obliti
1645 2397 1774 2452 videntur

477 2484 522 2557 qui
546 2480 738 2537 sentinrentuui
761 2480 827 2535 adeo
849 2496 941 2534 vecors
969 2488 997 2535 et
1027 2479 1169 2535 ridiculum
1199 2489 1271 2536 tanta
1297 2481 1457 2536 auctoritato
1486 2480 1586 2536 audent
1617 2482 1644 2535 in
1675 2480 1773 2553 vulgus

474 2566 659 2622 disseminare.
703 2564 777 2620 Unde
806 2562 861 2619 illis
889 2564 931 2618 ius
957 2564 990 2619 de
1020 2562 1109 2619 alieno
1138 2565 1237 2638 spiritu
1265 2565 1395 2625 indicare.
1425 2564 1471 2638 qui
1493 2563 1602 2620 Christo
1629 2574 1679 2620 aut
1700 2565 1804 2639 perittt

406 2659 522 2710 etr-ant
545 2651 651 2705 manet?
681 2649 805 2710 Librum,
829 2648 970 2722 inquiunt,
991 2666 1023 2705 ac
1046 2657 1176 2706 tractatus
1197 2648 1384 2706 doctrinaliter
1405 2650 1562 2704 damnamus
1584 2649 1666 2705 etde
1684 2649 1772 2705 medio

476 2734 611 2791 tollendos
632 2733 803 2789 censebimus
826 2733 937 2806 ignique
958 2735 1130 2796 cremandos,
1153 2742 1181 2789 et
1202 2743 1339 2798 auctorent
1361 2734 1450 2808 ipsum
1469 2733 1500 2788 ad
1520 2733 1726 2790 revoeaeionem
1744 2737 1773 2788 et

407 2817 671 2879 §.taaliiurationcm
693 2817 910 2891 supradictorum
932 2836 1070 2890 cogemus.
1110 2818 1158 2874 Ubi
1181 2827 1223 2875 est
1247 2818 1294 2874 illa
1314 2817 1473 2875 doctrinalis
1492 2818 1650 2874 danmatio?
1680 2818 1772 2892 prodi·

474 2912 536 2961 tane
562 2912 616 2965 est,
640 2902 783 2964 an.lueem
804 2902 899 2957 timet?
928 2902 967 2957 lta
989 2903 1055 2958 mibi
1076 2903 1239 2977 persuadeo,
1262 2904 1362 2978 quippe
1385 2904 1491 2977 quando
1508 2900 1638 2959 Silvester
1653 2903 1771 2964 Prieras‚

474 2989 555 3045 buius
578 2989 716 3061 tragcedia‘,
736 2988 836 3062 puppis
862 2995 890 3042 ct
911 3004 1006 3060 prora,
1029 3005 1083 3043 non
1107 2989 1203 3045 audeat
1223 3006 1282 3044 sese
1304 3007 1366 3044 euin
1381 3006 1430 3043 suo
1445 2996 1542 3044 contra
1560 2996 1586 3043 te
1602 2988 1801 3044 sentimentot⁵

473 3074 642 3131 committere
672 3073 770 3129 iudicio
798 3071 872 3128 orbis
897 3072 1059 3134 Christiani,
1091 3090 1123 3130 an
1146 3072 1358 3129 existimabimus
1380 3072 1559 3129 Lovanienscs
1580 3073 1636 3129 sive
1660 3071 1770 3127 illorum

475 3160 574 3216 iratres
596 3157 785 3217 Colonienses‚
809 3158 928 3213 oinniuxn
951 3157 1107 3214 mortalium
1129 3158 1376 3232 pertinacissimos,
1400 3148 1530 3213 Silvestre
1553 3165 1582 3212 ct
1598 3157 1726 3231 potencia
1743 3163 1770 3211 et

405 3245 597 3309 aaattoctrtna
618 3244 774 3304 interiores,
799 3261 862 3298 snas
883 3259 971 3315 nugas
990 3243 1130 3299 edituros?
1158 3244 1225 3298 niira
1248 3243 1386 3299 bominum
1407 3242 1518 3297 ruditas.
1555 3242 1683 3298 Ceterum
1699 3258 1771 3297 mor·

474 3330 568 3386 talium
590 3347 740 3403 progressu
762 3328 851 3384 aetatis
873 3328 972 3383 crescit
993 3345 1059 3383 usus
1081 3336 1109 3383 et
1126 3328 1302 3401 experiencia.
1342 3327 1419 3383 cuius
1442 3327 1480 3383 rei
1503 3328 1720 3401 experimentum
1742 3327 1769 3380 in

475 3415 655 3471 animantibus
684 3431 792 3489 qnoque
819 3413 927 3469 racione
955 3412 1111 3468 vacantibus
1139 3412 1390 3468 animadvertimus:
1425 3410 1479 3467 illis
1503 3413 1590 3467 aeuus
1611 3410 1802 3467 hominibuso

475 3499 574 3555 ademit
595 3500 652 3554 dios
675 3498 864 3573 prudenciam
893 3507 923 3552 ιιι
946 3506 1018 3553 recte
1040 3515 1102 3552 cum
1122 3507 1202 3571 poeta
1223 3497 1323 3553 dixeris
1349 3496 1431 3552 ‘llaud
1454 3497 1561 3569 quidem
1581 3496 1680 3558 eredo,
1708 3495 1772 3569 quia

401 3586 518 3656 sothai
532 3576 587 3663 {sit
603 3584 732 3639 ιΙιιιιιὶιιιι
748 3581 824 3638 illis
818 3582 1015 3675 ingeninni,1lt
1032 3582 1088 3637 lato
1102 3599 1192 3638 rerum
1211 3583 1216 3653 Ι
1234 3582 1381 3679 prudencia
1395 3581 1524 3637 minoris.
1560 3599 1645 3675 quarn
1656 3580 1772 3673 gratiam

473 3669 573 3724 debent
594 3669 751 3743 sophistica
773 3685 829 3723 sure
851 3667 1008 3741 sapiencia,
1042 3654 1143 3738 ἐπειδὴ
1170 3667 1274 3728 κακῶν
1297 3661 1481 3722 διδασκαλῶν
1507 3656 1587 3722 κακὰ
1611 3653 1649 3721 rol
1670 3655 1769 3739 pedae

405 3771 464 3822 §.m
474 3772 566 3827 ματα,
590 3750 702 3828 μᾶλλον
724 3746 755 3809 δὲ
777 3750 919 3823 πονηρῶν
940 3740 1092 3827 σπερμᾶτα
1116 3742 1232 3825 πονηρὰ
1254 3737 1290 3807 τὰ
1311 3742 1449 3827 γεώργια
1482 3751 1510 3806 ln
1527 3769 1609 3808 caiisa
1623 3750 1770 3825 Capnionis

472 3838 554 3912 longe
583 3838 747 3914 prudencius
776 3837 840 3894 olim
868 3855 898 3894 se
920 3846 1065 3910 gesserunt
1085 3837 1260 3894 damnacione
1285 3836 1417 3894 librorum
1439 3836 1536 3909 exiguo
1558 3847 1683 3910 tempore
1706 3841 1801 3909 pro-³⁵

540 4085 665 4152 'nuper]
685 4090 715 4136 in
733 4088 841 4136 recenti
860 4092 917 4135 tum
930 4087 1049 4136 coneilio
1063 4088 1258 4138 Lateranensi.
1315 4086 1326 4119 ⁸
1345 4087 1548 4137 enaritate-eod.
1584 4085 1772 4150 Interroganda'

473 4174 547 4235 riguo
565 4188 581 4219 a
597 4188 635 4220 me
653 4174 826 4221 additament.
889 4170 1052 4221 “cristinae
1070 4174 1126 4221 cod.
1186 4170 1208 4205 ¹⁰
1226 4187 1356 4221 craneum
1381 4171 1418 4237 (e.
1434 4169 1580 4230 creueaml
1600 4177 1693 4235 aperte
1711 4170 1768 4220 eod.

475 4253 588 4320 [craneo
605 4274 640 4298 =
658 4252 801 4318 cranium]
855 4252 876 4285 ¹⁸
895 4256 992 4305 Rechts
1010 4254 1069 4321 eto]
1089 4257 1123 4318 cs.
1137 4256 1236 4322 Evang.
1248 4273 1299 4307 sec.
1315 4257 1407 4309 Mutet.
1425 4258 1456 4306 V.
1471 4259 1515 4306 22.
1534 4255 1609 4317 „Qut
1621 4260 1717 4304 autem
1729 4254 1768 4303 di·

473 4342 546 4390 xerit
564 4340 644 4389 fratri
662 4356 711 4390 suo
731 4340 834 4400 ‘Rucn',
854 4354 917 4388 rens
936 4340 991 4388 erit
1008 4340 1154 4391 coneilio”.
1209 4340 1230 4374 ¹⁴
1247 4338 1345 4405 noluit]
1364 4340 1453 4391 doluit
1464 4342 1522 4392 eod.
1534 4341 1583 4389 sed
1593 4339 1610 4389 n
1623 4356 1673 4389 nori
1692 4354 1709 4388 ιι
1723 4337 1770 4388 sed

473 4443 491 4475 n
508 4428 642 4491 eignqtrot.
695 4421 841 4488 10νιιοοιι]
862 4424 1024 4476 fecorscod.
1077 4422 1099 4457 ²⁰
1116 4425 1246 4492 spirituli
1264 4428 1358 4475 ineod.
1373 4422 1615 4489 eoseoidetnrllue
1668 4421 1691 4454 ²³
1710 4438 1770 4488 pro·

473 4512 533 4561 dito
550 4515 576 4560 in
594 4513 650 4560 cod.
663 4526 743 4574 supra
760 4508 870 4573 perdito
886 4512 1007 4574 scriptino
1025 4517 1065 4560 ert
1082 4514 1115 4560 al.
1128 4528 1159 4560 m.
1212 4508 1235 4541 ²⁵
1253 4516 1351 4560 contra
1364 4507 1402 4575 te]
1422 4506 1511 4559 ecrite
1523 4510 1580 4560 eod.
1634 4506 1655 4539 ³¹
1676 4503 1770 4572 poeto]

474 4596 579 4662 Vergil.
595 4595 695 4661 Georg,
709 4596 732 4645 1.
746 4593 804 4644 415.
818 4610 873 4658 sq:

761 4677 843 4728 Haud
863 4678 988 4743 equidem
1008 4678 1102 4740 eredo,
1124 4680 1189 4743 quie
1207 4680 1244 4728 sit
1262 4678 1395 4728 divinitus
1413 4678 1470 4729 illis

762 4765 906 4829 Ingenium
925 4767 973 4811 eut
990 4778 1080 4811 rerum
1100 4763 1159 4812 foto
1178 4763 1325 4828 prudentia
1343 4764 1440 4814 muior.

541 4847 564 4880 ³³
576 4838 676 4913 ἐπειδὴ
689 4845 748 4912 dre]
768 4846 1014 4911 „Quandoquidem
1029 4846 1161 4896 malorum
1174 4851 1374 4912 proeceptorum
1387 4845 1468 4896 molae
1481 4846 1615 4896 doctrinm
1628 4850 1705 4908 sunt,
1726 4842 1772 4895 vel

474 4935 567 4997 potius
589 4932 721 4981 malornm
744 4933 878 4981 seminum
901 4931 981 4981 malae
1000 4934 1129 4997 segetes'’
1147 4930 1225 4981 verba
1241 4938 1300 4980 snat
1317 4931 1432 4996 Gregor.
1445 4930 1512 4981 Nax.
1533 4934 1602 4979 orat.
1616 4930 1769 4979 XXXVIII.

475 5018 503 5065 in
520 5018 682 5081 Theopbon.
698 5033 759 5081 cap.
774 5016 798 5065 5.
822 5017 855 5065 In
873 5019 930 5067 cod.
951 5018 1026 5067 Goth.
1046 5018 1140 5067 Graeco
1162 5016 1241 5065 veroa
1263 5021 1384 5080 corrupte
1408 5031 1481 5064 mono
1503 5020 1647 5064 recentiore
1671 5019 1772 5079 scriptu

474 5107 540 5150 ararit.
