4067 6209
462 752 534 823 3⁴12
571 766 667 815 coxi.
687 781 799 814 crucan.
810 780 847 813 no
859 779 998 813 suasura.
1012 779 1054 812 ur.
1075 762 1348 813 CLX11.anann.ao
1361 779 1476 813 rraoau.
1491 779 1537 813 nr.
1551 779 1581 813 n.
1594 773 1618 813 ³.
1634 780 1695 814 ur.
1712 773 1771 814 tato.

462 941 521 1002 isti,
550 940 601 994 nisi
625 946 701 995 certo
723 938 824 999 certius
846 946 1043 1010 cognoscerent
1068 945 1094 993 te
1119 936 1271 993 eruditione
1299 953 1330 992 ae
1358 937 1496 1011 probitate
1527 938 1772 996 immortalitatem

461 1025 542 1081 etiam
564 1024 696 1080 viventem
716 1023 844 1078 induisse.
888 1022 988 1079 lterum
1010 1022 1076 1079 vale.
1121 1020 1313 1093 Nurenbergae.
1332 1021 1419 1096 pridie
1437 1021 1549 1078 Caleud.
1570 1022 1668 1078 blaise.

1077 1108 1150 1163 Tuus
1167 1105 1315 1162 Bilibaldus
1331 1105 1590 1181 Pierclrheyrncrus.

546 1226 611 1282 Cum
632 1226 690 1281 lianc
712 1226 898 1299 scripsissem,
918 1225 1020 1281 certior
1043 1226 1130 1281 lactus
1152 1242 1211 1279 sum
1227 1224 1463 1297 Oecolorupadium
1483 1234 1618 1282 nostruin
1637 1227 1772 1301 vigesimo

461 1312 543 1369 tertio
566 1310 650 1384 April.
674 1311 834 1366 monachum
853 1327 913 1366 esse
935 1311 1050 1371 laetum,
1078 1310 1104 1365 iu
1130 1309 1295 1365 monasterio
1321 1309 1471 1366 Servatoris
1500 1311 1581 1366 iuxta
1605 1313 1792 1384 airgusnns

462 1396 566 1453 ordinis
586 1405 686 1451 sanetae
708 1395 837 1467 Brigidae,
869 1396 973 1468 inquo
999 1394 1126 1451 mulieres
1149 1394 1251 1468 prunas
1282 1403 1374 1451 tenere
1396 1404 1616 1452 consueverunt.
1664 1396 1774 1453 Utinma

462 1481 512 1536 sibi
534 1480 635 1537 rectius
659 1479 850 1537 consuluisset.

532 1663 661 1712 Eiusdem
681 1662 807 1727 epistolae
826 1663 972 1711 immutato
991 1663 1080 1712 forms
1099 1667 1176 1711 extat
1195 1662 1280 1711 etium
1298 1662 1327 1710 in

599 1747 627 1810 n)
646 1746 847 1796 Pirckheimeri
860 1747 930 1811 Opp.
943 1747 1036 1796 Flurti
1051 1739 1124 1796 loto.
1138 1745 1186 1795 fol.
1204 1763 1230 1810 p.
1244 1744 1383 1794 402...404.
1793 1754 1802 1786 i

598 1831 627 1892 b)
645 1832 754 1880 Erasini
766 1832 835 1896 Epp.
849 1832 937 1896 Lugd.
951 1832 1014 1882 But.
1028 1829 1101 1880 troo.
1116 1830 1163 1879 sol.
1178 1828 1392 1881 0011.olt...619.
1406 1846 1432 1879 n.
1447 1846 1525 1881 nnn.
1545 1831 1640 1897 (quani
1654 1850 1700 1898 ep.
1715 1851 1774 1884 emi·
1787 1855 1806 1893 m

464 1918 519 1964 dem
537 1931 592 1964 ease
611 1923 687 1981 utque
704 1920 861 1980 superiorem
879 1933 943 1965 nram.
957 1920 1020 1961 uir.
1034 1921 1168 1980 repetitam
1183 1916 1308 1971 Clericus,
1327 1920 1353 1962 ut
1368 1915 1420 1977 satit
1432 1917 1679 1979 neptepentissimaa
1693 1917 1774 1967 Erar-

463 2005 581 2049 mieormn
597 2003 749 2064 scriptorum
767 2002 862 2058 editor,
887 2016 936 2050 non
954 2001 1154 2063 animaduertit).
1190 2000 1330 2049 Seeamdum
1353 1999 1430 2056 dane,
1454 2005 1481 2047 ut
1500 2000 1563 2049 inihi
1581 2003 1689 2067 quidem
1708 2005 1775 2052 oide-

464 2092 518 2143 tur,
537 2089 654 2149 epistolia
670 2088 783 2149 priorem
801 2087 992 2136 delineationem
1010 2102 1092 2149 stupra
1108 2089 1213 2148 repetiti
1230 2088 1280 2133 loci
1296 2090 1368 2132 sunt:

932 2207 1120 2262 BILleLbVS
1142 2205 1282 2262 unasub.

551 2326 631 2382 Recte
650 2326 715 2382 lecit
732 2326 902 2382 necessarius
924 2325 969 2380 ille
992 2343 1081 2386 meus,
1106 2326 1178 2400 quod
1205 2333 1231 2381 tc
1253 2324 1406 2397 antverpiae
1427 2325 1556 2381 convenit
1579 2334 1608 2381 et
1635 2344 1702 2383 meo
1725 2345 1803 2389 nois

465 2413 537 2466 urine
560 2410 686 2466 salutavit
708 2452 908 2466 .........
953 2411 1077 2466 Ceterum
1102 2410 1259 2466 invectivam
1281 2409 1360 2481 Angli
1389 2408 1462 2465 illius
1487 2427 1537 2466 nec
1568 2428 1625 2466 uon
1655 2429 1771 2486 respon·

465 2495 569 2551 sionem
593 2504 666 2551 tuam
686 2495 749 2568 legi.
784 2495 858 2552 Scire
880 2495 958 2568 cupis
978 2495 1043 2568 quid
1066 2495 1188 2551 sentiam.
1221 2494 1322 2550 Vellem
1340 2503 1372 2549 ut
1393 2494 1504 2550 omnino
1528 2525 1767 2536 -----

466 2579 654 2652 respondisses
674 2623 775 2634 .....
778 2600 785 2607 ·
794 2621 1291 2634 .....................
1310 2572 1364 2633 ’...
1406 2577 1484 2640 Nani,
1508 2596 1559 2653 per
1582 2579 1768 2636 immortalem

465 2664 560 2724 doum,
587 2662 631 2718 ciri
653 2664 717 2718 boni
738 2664 887 2720 nebulones
914 2665 960 2719 isti
983 2681 1101 2737 unquam
1124 2666 1323 2737 pepercerunt?
1356 2666 1443 2737 Atque
1466 2672 1497 2719 ut
1519 2664 1676 2720 vetustiora
1698 2682 1768 2739 prae-

466 2756 614 2809 tereamus,
650 2748 712 2821 quis
744 2748 851 2820 ignorat
882 2766 962 2822 ‹puanr
994 2749 1130 2821 perversis
1163 2749 1266 2804 technis
1293 2757 1322 2804 et
1350 2747 1488 2804 secleratis
1514 2748 1797 2808 naacbinationibusao

465 2831 569 2905 optimo
591 2840 619 2887 et
640 2833 799 2889 doctissimo
818 2833 948 2908 Capuioui
972 2831 1126 2889 illuserint?
1158 2842 1189 2889 ut
1213 2833 1322 2889 iuterim
1348 2831 1442 2889 sileam
1465 2832 1567 2907 probra
1592 2842 1623 2887 et
1645 2833 1767 2889 convicia

466 2934 526 2990 quae
550 2916 577 2971 iu
600 2934 764 2989 generosum
784 2918 863 2973 Novae
888 2916 992 2991 Aquilio
1017 2918 1157 2980 comitem,
1186 2918 1349 2979 llutteuum,
1381 2935 1423 2973 me
1449 2925 1477 2972 et
1499 2935 1594 2973 omnes
1618 2917 1766 2991 Capuionis

466 3000 567 3057 amicos
588 3002 778 3057 eructaverint.
823 3001 948 3070 Quinimo
976 3002 1076 3058 invidia
1100 3003 1227 3075 exagitati
1256 3020 1305 3058 nce
1326 3022 1342 3058 a
1363 3002 1405 3058 sui
1428 3002 1531 3058 ordinis
1552 3000 1694 3058 abstinent
1719 3003 1766 3058 bo·

466 3085 599 3142 minibus:
634 3105 695 3142 narn
719 3096 819 3160 prater
841 3096 931 3143 cetera
954 3087 1018 3160 quid
1042 3088 1204 3143 intentatum
1229 3086 1377 3160 reliquere,
1400 3095 1430 3142 ut
1450 3086 1537 3142 divam
1557 3086 1671 3156 Mariam
1693 3087 1765 3160 blag-

466 3168 588 3226 dalenam
613 3172 744 3228 assertori
773 3190 823 3228 suo
850 3172 937 3228 labro
962 3173 1102 3246 eriperent
1133 3190 1163 3229 ac
1192 3190 1253 3227 curn
1285 3171 1449 3246 turpissimis
1478 3171 1577 3227 scortis
1605 3171 1634 3225 iu
1661 3171 1794 3227 olidumcs

466 3255 581 3328 lupanar
600 3257 791 3319 detruderent,
814 3276 875 3313 curn
897 3265 986 3312 tamen
1009 3256 1102 3330 potius
1121 3257 1231 3312 deceret
1253 3258 1280 3311 in
1302 3274 1331 3311 re
1352 3264 1406 3312 tarn
1423 3255 1504 3312 dubia
1522 3273 1580 3311 earu
1604 3255 1684 3329 sequi
1708 3256 1766 3330 opi·

466 3340 588 3404 arionem,
618 3358 679 3414 quan
706 3341 737 3397 ad
765 3342 893 3416 pietatem
917 3341 1057 3397 accederet
1079 3341 1201 3415 propius.
1245 3342 1310 3409 Quae
1329 3358 1392 3396 vero
1412 3347 1508 3397 eontra
1530 3340 1682 3395 butlierunv
1708 3340 1765 3395 ausi

467 3434 544 3487 suut,
567 3426 683 3482 forsitan
706 3435 795 3482 tacere
815 3434 929 3501 praestat
951 3468 1519 3480 ........................
1521 3414 1541 3477 ’.
1588 3424 1630 3479 'lu
1655 3424 1764 3492 biterim

466 3509 535 3564 bene
559 3510 629 3572 vale,
662 3510 770 3568 Erasme
797 3512 912 3585 optime,
942 3529 972 3566 ac
1001 3510 1100 3566 iterum
1124 3511 1279 3566 irremiueris
1301 3519 1328 3566 te
1350 3509 1465 3567 loelicem
1492 3510 1646 3566 invidorum
1668 3517 1765 3565 eontu-

467 3593 554 3649 rueliis
576 3613 650 3658 esse,
681 3597 727 3670 qui
751 3614 888 3671 utinquam
911 3595 1004 3650 laudes
1030 3589 1167 3650 tuas‘tom
1194 3594 1308 3651 moleste
1335 3596 1449 3656 terrent.
1480 3595 1532 3649 nisi
1555 3597 1633 3649 certo
1661 3595 1796 3650 certiusoo

465 3689 676 3751 cargnoscerent,
707 3682 740 3737 dc
762 3681 916 3737 eruditione
945 3698 974 3735 ac
1004 3679 1141 3754 probitate
1170 3679 1416 3742 immortalitatem,
1448 3688 1476 3735 et
1499 3678 1607 3753 quidem
1631 3679 1765 3735 viventem

467 3762 595 3821 induisse.
640 3764 789 3822 Guilelmus
811 3766 932 3822 Nesenus
958 3764 1005 3820 tibi
1028 3764 1095 3820 tati
1117 3764 1219 3839 scripta
1239 3765 1322 3821 misit.
1365 3765 1466 3820 lterum
1488 3762 1553 3820 vale.

912 3973 1283 3995 ——-—³——-

485 4160 619 4196 avovsrnr
632 4164 855 4200 vrnnnrnconvu.
1033 4129 1188 4205 CLXII·
1573 4155 1593 4196 3.
1609 4160 1671 4197 nina.
1690 4157 1749 4197 totu.

1549 4216 1767 4227 ——--—.--

604 4304 819 4385 baudrinuovs
841 4304 1018 4360 ADELbldNN
1040 4305 1080 4361 ou
1103 4304 1426 4361 nomnibusrutoutt
1447 4304 1631 4361 CANONICVS

745 4457 747 4460 ,
833 4401 1036 4453 BILIBALDO
1055 4401 1344 4453 PIRCKHEYMERO
1364 4402 1391 4451 S.
1774 4413 1797 4454 tt

553 4525 628 4594 Quod
649 4526 751 4599 gratias
773 4527 825 4581 deo
847 4525 931 4581 babes
952 4526 979 4581 in
1004 4527 1114 4582 adversa
1139 4534 1184 4581 tua
1204 4524 1372 4587 valetudiue,
1393 4524 1567 4580 commendo:
1599 4540 1663 4580 nam
1680 4525 1766 4580 virtus

469 4612 496 4667 iu
516 4612 670 4667 infirmitate
688 4611 836 4686 perficitur.
881 4611 951 4667 Beue
971 4628 1080 4685 quoque
1100 4611 1185 4666 sentis
1208 4610 1287 4666 nobis
1308 4626 1363 4665 non
1383 4616 1470 4665 tutum
1492 4625 1566 4669 esse,
1587 4616 1620 4664 ut
1640 4608 1767 4682 dialogus

697 4793 809 4842 CLXII.
826 4793 982 4842 Heumann.
1001 4790 1100 4853 (Indie.
1114 4791 1243 4856 bibliogr.
1257 4807 1284 4841 n.
1297 4789 1351 4851 70.)
1365 4807 1391 4856 p.
1407 4788 1461 4840 194.
1476 4804 1558 4866 sip-q..-

535 4925 547 4958 2
569 4928 754 4994 Norenbergae
772 4932 846 4979 1...4.
883 4928 1066 4993 Norimbergo
1083 4926 1125 4979 30.
1139 4927 1252 4992 Aprilis,
1271 4929 1350 4978 Anno
1365 4925 1438 4976 1520.
1458 4930 1483 4975 5.
1536 4923 1768 4990 ³Picrkbeymer

470 5015 544 5062 1...r.
597 5013 859 5062 Pirckheimerusa.
913 5010 957 5043 ⁴···⁷
976 5012 1018 5061 Cf.
1032 5028 1059 5062 n.
1074 5011 1199 5062 CLXIII.
1256 5009 1279 5041 ³²
1295 5011 1418 5061 Norimb.
1431 5009 1509 5061 Anno
1524 5008 1597 5060 1520.
1612 5012 1674 5060 add.
1690 5014 1716 5062 2.

537 5096 559 5127 ³¹
577 5095 642 5146 dicl.
656 5094 757 5163 dedet]
770 5099 873 5148 Eccius
891 5096 1050 5160 dedolatum
1070 5095 1198 5162 dialogus
1218 5092 1437 5160 [Pirelrheimero
1455 5090 1589 5159 auctorel.
