4067 6209
370 805 442 861 ent.
462 821 631 860 aurasicum
644 820 714 861 aava
728 819 845 864 saumis
858 797 943 859 tirrr.
973 802 1059 858 cxtt.
1073 818 1180 858 essars
1193 819 1239 856 na.
1253 819 1290 857 ao
1303 817 1416 859 uersor..
1430 821 1472 858 rr.
1509 791 1583 867 253

307 996 448 1030 racemos.
922 976 947 1026 2.
1361 984 1394 1026 tt.
1408 992 1492 1028 naar.
1509 984 1566 1029 tate.

542 1144 547 1151 ,
581 1099 726 1141 larnano
749 1097 856 1146 Areva:
880 1097 1078 1139 cuntsflano
1103 1096 1288 1139 sncnnnor1

452 1182 512 1231 DN.
532 1180 699 1230 ERNESTO
718 1179 843 1230 BAMFO
862 1178 978 1229 HESSO
997 1178 1183 1230 canorttco
1201 1179 1424 1232 Tvnlrtonnst

567 1268 695 1310 nonno
718 1268 759 1308 er
781 1267 934 1309 rarsono
958 1266 1019 1308 svo
1047 1265 1305 1307 rnoonraaanrnr

611 1353 643 1407 ll.
667 1352 807 1408 tutunus
829 1350 1023 1408 ALEanltElt
1046 1351 1267 1407 nnasstclnvs

542 1453 649 1495 roera
672 1454 713 1492 nr
738 1452 869 1494 onaron
891 1453 912 1493 a
935 1451 1070 1493 cessae
1093 1452 1282 1495 navenarvs
1307 1453 1331 1496 s.

375 1556 607 1612 pestilentissimae
636 1556 764 1630 nequitiae
791 1555 906 1611 Lernam
934 1555 1051 1611 tnaiures
1081 1556 1168 1611 nostri
1204 1556 1270 1611 volis
1301 1558 1437 1631 remisque
1470 1576 1585 1632 regnare

244 1709 247 1715 Δ
290 1644 379 1716 questi
402 1649 480 1704 sunt,
503 1658 554 1697 nos
576 1641 652 1697 anxio
675 1640 817 1697 admodum
840 1639 1027 1712 (nihilominus
1051 1648 1140 1696 tamen
1171 1641 1236 1696 totis
1265 1640 1365 1697 viribus
1395 1642 1459 1717 ipsis
1488 1645 1585 1700 tlurco·

292 1728 372 1801 pibus
399 1725 598 1798 sceleratiores)
628 1726 767 1799 querimur
797 1766 1134 1780 ...............
1162 1722 1300 1782 Neminem
1328 1726 1445 1783 Troiano
1480 1729 1583 1784 excidio

259 1820 376 1885 toatque
399 1812 457 1884 ipsa
479 1811 548 1866 loris
570 1810 714 1884 diphthera
738 1809 919 1882 antiquiorem
936 1810 1130 1865 Germanorum
1153 1819 1296 1883 poetarum
1317 1810 1443 1885 princeps
1459 1811 1583 1868 Vlricltus

291 1897 442 1958 lluttcnns‚
466 1894 597 1951 nobilium
620 1895 794 1950 doctissimus
817 1899 899 1967 atque
921 1894 1064 1949 doctorum
1087 1893 1285 1957 nobilissimus,
1308 1896 1426 1951 carmine
1450 1904 1479 1951 ut
1502 1896 1584 1952 nullis

292 1981 411 2036 nurneris
433 1961 549 2041 crasso*
565 1980 601 2035 ita
624 1978 750 2034 omnibus
773 1978 927 2034 nominibus
950 1979 1058 2034 erudite
1082 1986 1221 2053 potentem
1246 1979 1316 2034 lecit.
1355 1979 1460 2035 lustitui
1479 1989 1506 2036 et
1522 1999 1582 2054 ego,

291 2073 422 2138 quantum
439 2064 505 2120 rude
520 2082 607 2119 lucum
623 2063 785 2137 capitulum,
810 2070 865 2118 turn
881 2064 948 2119 adeo
963 2063 1050 2117 carica
1066 2079 1131 2118 rona
1148 2063 1316 2125 admitteret.
1337 2065 1449 2121 Onnrcm
1464 2066 1584 2122 omnium

292 2157 430 2210 autorem,
465 2157 492 2203 et
515 2149 561 2222 qui
584 2148 660 2203 solus
685 2148 840 2220 imprudens
863 2146 969 2202 cocleas
992 2164 1047 2201 nou
1069 2143 1163 2220 captis
1190 2147 1300 2219 cogitur
1327 2149 1457 2209 ramlera.
1491 2150 1583 2206 sultitu

258 2234 410 2307 ta‘quodam
432 2233 530 2307 spiritu
553 2233 686 2293 scribere,
714 2249 763 2288 seu
792 2240 821 2286 ut
843 2232 933 2288 verius
955 2231 1040 2287 dicam
1063 2232 1201 2286 elluudere
1225 2273 1348 2287 ......
1372 2233 1510 2305 Tultitrgee.
1548 2233 1584 2290 ttx

291 2319 391 2374 llnsaeo
414 2325 511 2372 nostro
535 2316 733 2390 philosophico.
762 2318 839 2373 Anno
862 2334 877 2371 a
899 2314 1045 2373 conciliatu
1067 2315 1121 2372 lleo
1144 2317 1205 2390 Opt.
1229 2316 1294 2372 llas.
1324 2317 1462 2374 tt.1t.xtx.
1486 2318 1583 2375 Mensis

291 2403 394 2464 Martii,
419 2401 523 2458 Rotrruli
546 2402 650 2475 primo'.
672 2401 716 2457 die
738 2400 813 2455 Xllll.

789 2567 893 2610 'OMNlS
917 2568 1084 2616 LOQVI'I'VR

537 2756 693 2818 Maeonides,
722 2757 969 2817 vatum·0ceauus.
994 2773 1103 2830 quoque
1127 2755 1190 2810 talia
1213 2757 1296 2818 norit.

467 2859 489 2897 12
601 2841 667 2896 llum
689 2858 780 2897 mures
801 2840 875 2896 ranis
897 2847 988 2897 cantat
1011 2839 1109 2896 oliesse
1133 2848 1236 2903 trucem

536 2925 665 2998 Virgilius
688 2925 801 2984 culicem
824 2924 903 2987 lusit:
927 2924 972 2999 qui
996 2932 1040 2981 est
1061 2933 1156 2980 noster
1178 2924 1326 2988 Humerus,

580 3010 718 3072 ,Plurima
742 3018 797 3065 turn
821 3008 892 3064 lacili
914 3009 1032 3065 carmina
1054 3008 1127 3065 culta
1149 3008 1222 3083 lyra,
1275 3077 1279 3082 ⁵

537 3093 689 3150 Stultieiant
711 3094 797 3149 divam
820 3093 940 3149 celebrat
961 3093 1068 3148 divinus
1091 3092 1225 3155 Erasmus,

257 3193 283 3232 aa
468 3199 491 3236 m
603 3178 683 3234 Orbis
706 3179 807 3239 hunos,
830 3178 926 3252 patriae
948 3178 1060 3233 candida
1082 3176 1162 3233 stella
1185 3176 1285 3251 plagae:

537 3264 655 3319 lletninis
678 3263 797 3318 llutteno
820 3271 916 3319 autore
939 3270 981 3317 est
1004 3268 1111 3317 cantata
1134 3261 1296 3335 Charybdim

601 3348 692 3403 (turnis
715 3366 782 3420 ego,
807 3356 834 3404 et
857 3347 945 3403 nostri
967 3346 1067 3402 sumite
1090 3361 1173 3420 pensa
1195 3345 1249 3402 coli
1274 3386 1375 3402 .....

320 3681 455 3717 assianae.
842 3668 848 3679 '
875 3645 997 3722 CXII.
1303 3670 1566 3717 nummasius.

616 3821 743 3877 BEATVS
767 3821 940 3877 nttlnln'vs
962 3820 1068 3876 ztnlttt
1092 3820 1154 3875 SVO
1181 3819 1207 3874 S.
1231 3820 1258 3875 ll.

254 3969 282 4010 ao
376 3957 496 4014 Libellus
512 3976 591 4031 quern
607 3958 737 4032 petieram
754 3957 858 4032 accepi.
875 3957 921 4013 sed
938 3955 1076 4032 querclam
1092 3955 1263 4012 sacerdotum
1278 3954 1466 4013 Leodiensium
1482 3956 1585 4015 oblitus

292 4044 367 4098 luisti
391 4042 470 4099 simul
495 4045 612 4098 mittere.
656 4050 838 4115 porrexerunt
867 4041 905 4096 illi
934 4059 984 4115 per
1011 4058 1090 4096 suum
1120 4041 1243 4097 nuntium
1267 4041 1392 4097 schedam
1415 4042 1584 4117 principibus

291 4130 441 4183 Germaniae
464 4128 510 4200 qui
533 4128 669 4201 superiori
692 4135 788 4183 aestate
810 4134 992 4182 convenerant
1015 4125 1084 4199 apud
1109 4128 1258 4200 Augustam
1275 4125 1489 4191 Vindelicorum,
1511 4145 1585 4185 eom·

291 4212 454 4285 plectentem
477 4230 507 4266 ca
531 4230 591 4286 quae
606 4211 761 4268 Bartolinus
785 4213 812 4267 in
834 4212 902 4267 actis
925 4212 983 4267 cina
1005 4220 1156 4267 conventus
1179 4212 1295 4268 strictim
1317 4220 1458 4269 memorat.
1493 4212 1584 4287 itaque

289 4297 398 4351 curaliis
421 4306 451 4351 ut
474 4297 506 4351 ad
528 4314 570 4352 irre
592 4297 755 4370 descriptam
779 4297 878 4351 mittas.
923 4294 1051 4351 auattis
1074 4296 1224 4352 Germaniae
1247 4305 1349 4353 nostrae
1377 4298 1446 4353 nrale
1476 4305 1583 4353 metuo:

254 4394 282 4434 aa
294 4398 353 4437 nam
377 4383 398 4434 si
422 4399 515 4436 rerum
538 4388 580 4435 est
603 4381 675 4453 quod
699 4380 781 4453 vulgo
804 4382 893 4437 lertur
915 4387 942 4436 et
965 4380 1046 4436 etiam
1069 4398 1083 4436 a
1107 4380 1286 4454 pmdentilms
1308 4381 1380 4436 credi
1397 4390 1516 4455 ereptum
1532 4389 1583 4441 est.

290 4466 408 4521 llontem
432 4465 554 4521 vilelicet
577 4465 710 4535 Peligardi
735 4465 792 4538 regi
816 4466 981 4522 Francorum
1004 4464 1150 4521 obnoxium
1173 4483 1234 4521 esse
1257 4466 1370 4527 lactum.
1400 4473 1429 4521 ut
1457 4464 1528 4520 laune
1557 4465 1584 4520 in

291 4550 372 4605 liuras
393 4558 506 4623 putetur
528 4549 600 4605 relut
623 4551 732 4623 pignori
755 4549 906 4606 subiectum
926 4557 1122 4624 occupaturus.
1147 4550 1211 4623 quid
1228 4548 1307 4604 nuliis
1322 4556 1424 4623 praeter
1438 4555 1584 4604 extremam

289 4634 469 4690 calamitatem
499 4635 638 4690 imminere
666 4635 779 4690 censes?
813 4634 887 4691 misit
916 4637 987 4691 euim
1014 4634 1153 4706 ingentem
1181 4633 1239 4687 auri
1269 4631 1320 4687 vim
1355 4632 1386 4686 ad
1415 4632 1524 4693 ducem:
1558 4631 1586 4689 et

290 4736 444 4793 quanquam
468 4720 495 4775 in
518 4719 698 4783 hocstudet,
726 4728 758 4774 ut
781 4719 918 4776 intestinis
940 4719 999 4792 ipsa
1021 4717 1162 4773 Gennauia
1185 4715 1365 4772 seditionibus
1392 4733 1423 4773 ac
1445 4714 1524 4771 bellis
1545 4715 1585 4772 cli·

547 4898 632 4950 oxn.
650 4869 784 4966 'zungun
797 4900 868 4966 opp.
887 4895 1186 4962 arnsteinensi.)
1205 4895 1279 4963 pso.
1291 4911 1333 4963 sq.

358 5036 381 5069 Ἀ
400 5036 507 5102 ansino]
527 5037 622 5086 Vlrico
640 5036 784 5101 Zaringlio.
831 5035 855 5070 ⁸³
873 5034 1019 5101 nanctis]
1038 5033 1083 5084 Cl.
1097 5050 1123 5100 p.
1135 5033 1194 5083 2²4.
1240 5031 1263 5065 ¹⁴
1281 5029 1481 5100 Mont.l‘ellg.l
1501 5032 1587 5085 Monl¹

290 5122 402 5182 beliard,
422 5124 594 5188 Mdupelpart
615 5123 771 5173 θεν-κακίω.
824 5119 847 5152 ³⁹
864 5117 973 5187 ducem]
993 5119 1115 5170 Vlricum
1133 5118 1412 5185 t'irtemtsergemem.
