4067 6209
434 760 505 833 152
553 775 651 825 LXIV.
670 788 875 824 rmctmrmt
887 789 975 824 PRAEF.
989 788 1026 824 ΔΙ)
1039 787 1155 824 chtnnr
1169 788 1353 825 neutrorum.
1368 790 1394 824 D.
1409 783 1442 824 30.
1457 789 1522 825 RVG.
1537 781 1597 824 1517.

432 951 496 1008 honi
520 966 628 1023 semper
649 946 781 1022 pestilens
802 947 904 1020 lingum
925 947 1023 1002 vicium
1045 948 1175 1003 acerrime
1197 956 1261 1004 snm
1283 948 1423 1009 detestati,
1447 950 1521 1022 qnod
1544 958 1571 1004 et
1588 949 1729 1023 impuden-

434 1036 539 1093 tissimo
561 1032 659 1106 cuique
681 1033 794 1087 maxime
815 1033 976 1104 contingere
999 1031 1079 1087 solet.
1124 1033 1189 1099 Quae
1212 1034 1234 1087 si
1257 1032 1536 1104 llenchlinomastigcs
1552 1034 1590 1088 illi
1607 1021 1749 1089 exactius*

433 1119 656 1195 perpendissent.
687 1134 824 1189 nunqnam
853 1117 1050 1172 sanctissimam
1072 1116 1171 1172 Christi
1203 1118 1280 1174 tidem
1309 1118 1501 1173 sordidissimis
1514 1112 1675 1175 ‘maledictis
1698 1136 1729 1173 ac

434 1204 519 1260 illotis
541 1201 713 1257 sermonibus
735 1201 893 1257 stabilienda
923 1219 984 1257 esse
1011 1202 1196 1263 censuissent.
1226 1220 1363 1275 nimquam
1394 1204 1461 1260 tanti
1491 1203 1728 1279 debonestamenti

433 1288 535 1346 idolum
558 1287 723 1346 erexissent.
755 1287 901 1360 peronius
925 1304 956 1341 os
978 1286 1114 1360 impurum
1137 1288 1211 1360 quod
1232 1288 1284 1360 ipsi
1307 1288 1394 1362 palam
1418 1305 1471 1343 non
1494 1288 1639 1349 auderent,
1671 1295 1749 1342 taint

433 1373 565 1429 ellrcnate
586 1370 811 1441 deblacterarcnt.
835 1388 906 1427 nnnc
928 1388 992 1427 vcro
1015 1370 1152 1445 personali
1169 1390 1199 1428 ac
1214 1372 1297 1445 digno
1313 1368 1443 1445 operculo
1460 1373 1523 1428 teeti
1541 1373 1629 1428 omitia
1645 1372 1727 1427 etiam

434 1459 461 1513 in
484 1473 579 1513 omnes
601 1455 653 1511 sibi
675 1455 757 1511 licere
779 1452 960 1511 arbitrantur:
984 1470 1044 1511 nam
1068 1465 1098 1511 nt
1121 1457 1238 1531 reliquas
1261 1474 1356 1512 eorrrm
1370 1445 1464 1512 sileam
1482 1457 1612 1530 ineptias.
1636 1473 1728 1512 nonne

357 1593 368 1609 ,
433 1543 486 1598 hoe
507 1539 615 1615 piaculo
637 1540 678 1594 rel
701 1541 757 1595 risu
780 1541 872 1614 potins
894 1541 1020 1612 dignum.
1045 1541 1117 1614 qnod
1139 1548 1182 1597 tot
1204 1549 1351 1615 tantosque
1374 1542 1446 1596 viros
1470 1549 1524 1597 tam
1543 1542 1674 1598 ellrenate
1690 1541 1728 1596 la·
1810 1590 1813 1596 .

432 1642 554 1687 cessere,
582 1634 637 1680 tam
666 1624 823 1698 petulanter
850 1625 981 1697 sugillare
1003 1643 1058 1681 non
1081 1633 1222 1688 verentur,
1251 1626 1403 1682 Conradum
1424 1626 1586 1698 Pentinger,
1617 1628 1653 1682 lo.
1678 1625 1728 1681 Cn·

434 1710 599 1785 minianum,
623 1711 669 1782 qui
692 1709 771 1765 ambo
794 1718 896 1784 praeter
918 1709 985 1765 iuris
1007 1709 1126 1766 lauream
1149 1729 1180 1767 ea
1203 1711 1309 1783 fulgent
1331 1711 1478 1783 dignitate.
1502 1718 1533 1765 nt
1547 1712 1599 1767 divi
1616 1721 1762 1785 quoquere

433 1796 546 1853 Caesaris
574 1795 653 1850 etiam
681 1794 875 1850 secretioribus
902 1795 1082 1851 adhibeantur
1103 1796 1237 1858 consiliis,
1267 1796 1428 1852 loachimum
1453 1795 1611 1857 Vadiannm.
1641 1795 1728 1851 Simo-

434 1879 496 1937 nem
518 1880 640 1940 Lazium.
670 1896 740 1953 qnos
768 1897 862 1935 omnes
890 1880 1003 1936 honoris
1031 1882 1118 1953 gratia
1141 1879 1267 1954 appello?
1284 1880 1450 1948 ‘Quinimmo
1473 1861 1575 1937 cavillis
1598 1881 1726 1937 insectari

435 1973 477 2021 sat
498 1981 553 2020 non
576 1972 647 2027 erat,
671 1964 723 2019 nisi
746 1981 777 2019 en
801 1965 940 2032 hominum
961 1966 1064 2021 eiectos
1087 1983 1199 2021 numero
1222 1966 1302 2021 etiarn
1326 1965 1413 2021 brutis
1436 1965 1625 2039 impurissimis
1641 1966 1726 2038 aequi·

434 2056 592 2124 parassent:
621 2049 908 2122 mutuis.·inqninnt,
938 2067 967 2105 se
990 2049 1114 2114 laudibus
1137 2049 1272 2105 extollunt
1294 2068 1324 2106 ao
1346 2067 1491 2124 porcorum
1515 2068 1591 2105 more
1614 2049 1727 2106 lricant:

435 2135 522 2209 proh,
550 2151 630 2206 quam
656 2134 739 2207 digna
760 2134 877 2190 recutite
899 2135 1001 2190 homini
1025 2153 1057 2190 en
1079 2135 1143 2190 hara
1165 2136 1346 2208 comparatio,
1374 2136 1418 2191 cui
1441 2142 1543 2197 tamen,
1571 2153 1631 2192 cnm
1656 2136 1762 2190 bandis

430 2218 550 2293 ¹amplius
572 2219 708 2275 iudaizare
729 2219 849 2280 dicatur,
876 2219 975 2281 suilla,
1004 2237 1037 2275 ex
1064 2237 1117 2292 qua
1139 2220 1209 2293 apud
1232 2227 1337 2276 veteres
1361 2220 1557 2293 quinquaginta
1579 2221 1665 2275 ferme
1688 2238 1729 2274 sa·

436 2321 518 2379 pores
546 2303 602 2359 lieri
634 2303 773 2365 solebant,
804 2303 887 2358 velnti
910 2322 1016 2377 pernae,
1047 2312 1208 2379 petasones,
1238 2304 1373 2364 lucanica.
1401 2304 1551 2378 tomacula.
1582 2305 1671 2359 insitia
1701 2313 1729 2359 et

436 2388 540 2462 reliqna
570 2388 595 2443 id
618 2404 705 2461 genus
734 2385 887 2450 farcimina',
919 2405 972 2444 non
1003 2397 1056 2445 tam
1085 2389 1250 2453 abominale.
1280 2390 1327 2445 sed
1356 2391 1381 2445 in
1411 2389 1514 2445 deliciis
1530 2384 1641 2445 'merito
1669 2407 1729 2443 esse

436 2473 531 2530 debet:
560 2490 620 2528 nam
643 2472 733 2527 omnia
755 2474 852 2528 mumla
875 2473 997 2529 mundis:
1027 2491 1111 2547 porro
1135 2475 1282 2530 Germaniae
1305 2466 1407 2530 nostrae
1436 2492 1512 2547 spem
1541 2474 1729 2534 certissimam.

436 2557 587 2612 Vdalrienm
610 2556 772 2618 Hnttenum.
800 2566 828 2612 et
856 2556 1007 2612 nobilitatis
1035 2565 1177 2614 stemmate
1204 2559 1306 2615 clarum
1335 2566 1362 2613 et
1391 2559 1500 2631 ingenio
1522 2577 1553 2613 ac
1576 2559 1764 2617 eruditionem

437 2648 627 2716 praestantem,
650 2658 704 2707 non
728 2640 816 2697 solum
839 2643 1134 2715 pseudochristianum
1157 2644 1307 2717 appellare.
1332 2644 1378 2699 sed
1401 2644 1494 2704 etiam,
1519 2644 1541 2697 si
1564 2644 1615 2698 diis
1631 2643 1729 2716 placet,

438 2725 485 2782 tali
508 2726 566 2780 viro
589 2724 677 2798 palam
699 2724 833 2788 minitari,
862 2744 893 2782 ao
921 2745 1029 2783 omnem
1057 2728 1242 2783 defensionem
1265 2730 1373 2801 penitus
1396 2728 1562 2783 adimendam
1586 2745 1646 2782 esse
1668 2745 1730 2783 cen·

438 2817 512 2865 sent:
542 2802 636 2871 neino.
667 2809 806 2882 inquiunt.
836 2810 978 2867 nobilitate
1006 2813 1175 2868 excusandus
1206 2813 1324 2875 videtur:
1353 2813 1432 2886 quin,
1464 2814 1555 2886 potius
1584 2812 1731 2867 maioribus

438 2895 494 2950 suis
528 2895 696 2967 degenerans
730 2896 850 2968 posteris
888 2897 1013 2952 omnibns
1043 2915 1100 2952 suar
1131 2897 1310 2970 ignobilitatis
1338 2897 1474 2970 relinquet
1501 2898 1649 2953 exordium.
1697 2896 1731 2952 Ex

438 2978 537 3053 quihus
566 2977 646 3052 plane
674 2978 762 3052 liquet
789 2980 957 3037 miserrimos
986 3000 1017 3037 ao
1041 2982 1199 3037 temerarios
1223 2982 1344 3038 homines
1374 2991 1401 3038 et
1422 2982 1586 3037 conditionis
1609 2982 1763 3055 propriane

439 3063 540 3120 oblitos
556 3071 584 3118 et
607 3064 775 3120 interneciuo
799 3065 861 3120 odio
885 3066 922 3120 ita
945 3075 1082 3122 extremos
1105 3067 1237 3122 terminos
1260 3068 1358 3122 mentis
1381 3085 1441 3122 esse
1464 3067 1586 3140 positos,
1611 3074 1641 3120 ut
1664 3065 1731 3122 libe·

438 3165 498 3204 rum
521 3148 663 3204 arbitrium
692 3166 723 3205 ac
751 3149 887 3205 violentiae
916 3160 1055 3226 sceptrum
1085 3152 1111 3206 in
1142 3152 1296 3207 nniversum
1319 3169 1405 3224 genus
1428 3153 1573 3206 humanum
1596 3151 1732 3223 accepisse

436 3234 588 3290 certissime
618 3241 715 3307 putent
742 3252 773 3289 ae
794 3233 908 3290 firmiter
929 3236 1055 3297 credant.
1079 3237 1115 3291 ita
1138 3244 1286 3292 incuncta
1309 3254 1370 3309 qnae
1393 3236 1433 3291 vel
1456 3236 1525 3292 male
1552 3235 1667 3291 dicendo
1690 3234 1731 3290 vel

438 3317 507 3374 male
540 3319 646 3391 agendo
680 3326 854 3392 perpetrant,
890 3319 943 3375 illis
977 3339 1069 3395 aeqna‚
1104 3322 1185 3394 digna
1219 3340 1249 3377 ac
1283 3322 1352 3376 insta
1381 3338 1442 3376 esse
1463 3320 1605 3376 videantur
1607 3362 1730 3373 ......

437 3397 516 3465 [Post
533 3401 727 3462 dispartationem
750 3402 782 3448 dc
799 3403 951 3464 linprmrnm,
974 3403 1087 3455 Latiam.
1108 3403 1207 3451 Grmrm
1233 3402 1431 3467 llebrrriemque.
1451 3404 1483 3450 de
1500 3404 1653 3454 dialecticae.
1676 3401 1766 3449 rba-³⁰

437 3478 528 3524 toricoe
546 3491 577 3524 oc
593 3476 761 3538 philosophia·
783 3477 994 3543 historlornmpne
1015 3479 1105 3526 stadio·
1124 3480 1155 3526 iis
1179 3481 1221 3542 qui
1242 3478 1391 3541 theoloytom
1414 3480 1609 3540 profiterentur,
1635 3482 1747 3539 onanino

402 3553 404 3559 '
437 3556 583 3601 necessario
601 3556 687 3615 perpet
704 3558 730 3600 tn
747 3552 811 3600 tune
828 3551 954 3617 niodum]
988 3550 1075 3603 Porro
1098 3550 1120 3603 si
1145 3548 1290 3621 theologus
1313 3566 1363 3604 nec
1387 3550 1444 3604 inre
1460 3557 1556 3604 nostro
1573 3557 1625 3604 tam
1642 3549 1733 3603 (lirino

389 3654 415 3709 .'
438 3650 519 3708 quam
542 3633 660 3687 humano
683 3633 790 3706 peritus
812 3634 878 3694 erit,
909 3651 963 3688 non
986 3634 1064 3689 rideo
1087 3651 1141 3705 qno
1165 3641 1244 3706 paeto
1267 3633 1353 3688 divina
1377 3635 1445 3688 scite
1468 3652 1497 3689 ae
1520 3642 1612 3689 saincte
1634 3632 1735 3705 guber·

438 3735 503 3774 nare
526 3717 566 3772 vel
590 3718 704 3772 hnmana
728 3717 846 3772 solerter
868 3728 896 3773 et
918 3718 1040 3790 legitime
1062 3718 1251 3774 administrare
1275 3716 1385 3772 valebit:
1418 3718 1455 3773 nil
1480 3719 1564 3790 igitur
1587 3719 1632 3790 qui
1657 3719 1734 3772 theo-

438 3803 526 3876 logica
541 3801 633 3856 laurea
655 3820 684 3856 se
707 3802 818 3872 dignum
841 3802 1003 3864 arbitratur,
1029 3803 1150 3874 ignorem
1174 3804 1219 3858 sed
1244 3803 1280 3857 ita
1304 3803 1462 3875 prudentia,
1487 3803 1648 3862 eruditione.
1674 3814 1768 3863 nsunt

437 3887 605 3961 experientia
628 3886 756 3947 excellat.
781 3894 810 3942 nt
833 3887 913 3961 plane
937 3889 1091 3960 quempiam
1114 3888 1264 3961 exquisitae
1287 3888 1427 3961 sapientire
1451 3895 1478 3941 et
1501 3886 1632 3942 doctrinae
1649 3888 1734 3942 rirnm

438 3973 542 4029 relerre
566 3971 694 4026 videatur.
719 3972 807 4044 qualis
830 3971 894 4026 olim
919 3972 969 4026 luit
992 3973 1029 4027 lo.
1046 3963 1213 4027 (lanierairius
1230 3972 1397 4045 Vangionnm
1421 3972 1578 4045 episcopus.
1603 3971 1639 4026 lo.
1656 3972 1734 4026 Picus

438 4056 652 4116 llirandulanus.
676 4055 826 4111 llohnslans
840 4056 874 4111 de
890 4055 1078 4116 Hassenstein.
1103 4057 1139 4111 lo.
1163 4056 1408 4129 lleyserspergins‚
1433 4055 1618 4126 Eng'ellrardns
1634 4054 1734 4115 anclr.

438 4142 475 4197 lo.
493 4141 575 4214 llays,
598 4140 634 4195 lo.
651 4141 740 4202 Cerno,
763 4141 893 4196 memoria
916 4159 1034 4214 quorum
1057 4142 1128 4196 inter
1143 4140 1237 4202 beatos
1253 4148 1387 4214 perpetuo
1402 4148 1628 4212 connumereturj
1651 4159 1683 4194 ex
1700 4142 1736 4194 ri·

437 4225 562 4283 rentibus
586 4242 650 4279 vero
673 4224 761 4298 qnalis
784 4234 827 4279 est
848 4226 1089 4282 reverendissimus
1112 4226 1239 4301 princeps
1254 4225 1399 4281 cardinalis
1415 4225 1575 4285 (lercensis.
1599 4224 1635 4280 lo.
1653 4224 1770 4281 Fran-to

438 4411 471 4461 In
490 4412 543 4473 fine
566 4406 727 4474 Imprell'um
749 4425 767 4473 p
791 4410 964 4459 Fridericum
986 4410 1097 4474 Peypus
1119 4409 1122 4471 Ι
1143 4409 1331 4474 Nurenbergae
1355 4407 1431 4459 sexto
1454 4410 1547 4459 Nonas
1569 4406 1572 4471 Ι
1595 4407 1735 4459 Octobris.

436 4495 515 4545 Anno
546 4491 729 4556 salutis,lM.
744 4495 778 4544 D.
796 4493 883 4544 nult
900 4491 904 4559 Ι
920 4494 955 4544 4⁰.
1008 4495 1084 4545 B:
1100 4494 1177 4544 Idem
1200 4493 1272 4543 liber
1295 4495 1322 4543 in
1341 4494 1376 4543 4⁰.
1402 4511 1426 4543 a.
1449 4493 1522 4543 1518.
1547 4496 1682 4559 repetitus
1709 4500 1738 4544 et

437 4585 536 4631 auctus
561 4580 606 4628 cui
630 4579 802 4629 inscribitur:
822 4595 939 4630 uvernnr
962 4580 1120 4642 misceres,
1147 4595 1197 4629 sav
1221 4577 1458 4641 nevrduileentcs.
1484 4578 1622 4628 Bilibaldo
1639 4579 1735 4629 Pirck·

474 4664 625 4730 heyzlmero
646 4665 711 4728 ...ΙΙΙ
731 4667 893 4731 interprete.
913 4664 944 4728 ΙΙΙ
963 4664 1033 4732 [finit
1055 4682 1118 4730 pap.
1144 4669 1240 4728 penult.
1259 4660 1326 4727 sim]
1352 4664 1431 4714 Anno
1450 4664 1616 4713 Natiuitatis
1642 4665 1697 4714 Dei

826 4750 1063 4801 .nt.1).xvssl.
1083 4747 1176 4800 mense
1192 4746 1196 4811 Ι
1212 4748 1346 4811 Ianuarii.

486 4934 816 5003 ⁸osimpurumlloounis
830 4938 1005 5003 Pfefferlrorn.
1049 4933 1317 5007 b’laeeleereAlla
1347 4933 1580 5001 ⁹·¹⁰Culpiant'rA.
1622 4934 1737 4986 ¹⁹Pauli
1822 4932 1826 4941 '

437 5037 479 5087 ep.
494 5023 529 5073 ad
542 5024 598 5073 Tit.
612 5024 634 5074 1.
644 5024 683 5076 lh.
736 5021 758 5054 ³¹
776 5024 832 5073 iem
845 5023 879 5072 B.
938 5019 1250 5086 ⁸⁷10.Cemerer.]norr
1269 5023 1391 5086 Dalberp.
1443 5020 1466 5053 ³⁸
1485 5022 1687 5086 Leyserepglus
1700 5021 1734 5071 B.

437 5106 552 5157 Getlerm
569 5116 616 5157 est.
686 5107 708 5139 ³⁹
727 5112 921 5159 conumeretur
932 5110 967 5159 A.
1020 5106 1043 5141 ⁴⁰
1061 5103 1221 5172 Gureeneis]
1241 5106 1381 5157 Matthaeus
1398 5107 1483 5172 Lana.
