<?xml version="1.0" encoding="UTF-8"?>
<!DOCTYPE html PUBLIC "-//W3C//DTD XHTML 1.0 Transitional//EN"
    "http://www.w3.org/TR/xhtml1/DTD/xhtml1-transitional.dtd">
<html xmlns="http://www.w3.org/1999/xhtml" xml:lang="en" lang="en">
 <head>
  <title>
</title>
<meta http-equiv="Content-Type" content="text/html;charset=utf-8" />
  <meta name='ocr-system' content='tesseract 3.04.00' />
  <meta name='ocr-capabilities' content='ocr_page ocr_carea ocr_par ocr_line ocrx_word'/>
</head>
<body>
  <div class='ocr_page' id='page_1' title='image "./ulrichihuttenie03huttgoog_0444.png"; bbox 0 0 4067 6209; ppageno 0'>
   <div class='ocr_carea' id='block_1_1' title="bbox 460 745 1595 817">
    <p class='ocr_par' dir='ltr' id='par_1_1' title="bbox 460 745 1595 817">
     <span class='ocr_line' id='line_1_1' title="bbox 460 745 1595 817; baseline -0.011 0"><span class='ocrx_word' id='word_1_1' title='bbox 460 745 533 817; x_wconf 80' lang='grc'><strong>310</strong></span> <span class='ocrx_word' id='word_1_2' title='bbox 626 756 706 808; x_wconf 81' lang='lat' dir='ltr'><strong>CXL.</strong></span> <span class='ocrx_word' id='word_1_3' title='bbox 725 771 808 807; x_wconf 76' lang='lat' dir='ltr'><strong>cuore</strong></span> <span class='ocrx_word' id='word_1_4' title='bbox 823 770 938 806; x_wconf 79' lang='lat' dir='ltr'><strong>usuram</strong></span> <span class='ocrx_word' id='word_1_5' title='bbox 953 770 989 805; x_wconf 82' lang='lat' dir='ltr'><strong>an</strong></span> <span class='ocrx_word' id='word_1_6' title='bbox 1002 769 1118 805; x_wconf 77' lang='lat' dir='ltr'><strong>usuris.</strong></span> <span class='ocrx_word' id='word_1_7' title='bbox 1133 770 1284 808; x_wconf 74' lang='lat' dir='ltr'><strong>curuum</strong></span> <span class='ocrx_word' id='word_1_8' title='bbox 1297 771 1340 807; x_wconf 78' lang='lat' dir='ltr'><strong>nr.</strong></span> <span class='ocrx_word' id='word_1_9' title='bbox 1357 770 1384 806; x_wconf 82' lang='lat' dir='ltr'><strong>o.</strong></span> <span class='ocrx_word' id='word_1_10' title='bbox 1400 763 1432 806; x_wconf 87' lang='lat' dir='ltr'><strong>tt.</strong></span> <span class='ocrx_word' id='word_1_11' title='bbox 1448 771 1511 809; x_wconf 83' lang='lat' dir='ltr'><strong>ocr.</strong></span> <span class='ocrx_word' id='word_1_12' title='bbox 1528 760 1595 807; x_wconf 74' lang='lat' dir='ltr'><strong>tete.</strong></span> 
     </span>
    </p>
   </div>
   <div class='ocr_carea' id='block_1_2' title="bbox 353 928 1814 4144">
    <p class='ocr_par' dir='ltr' id='par_1_2' title="bbox 353 928 1814 4144">
     <span class='ocr_line' id='line_1_2' title="bbox 461 928 1770 1011; baseline -0.005 -19"><span class='ocrx_word' id='word_1_13' title='bbox 461 935 525 1011; x_wconf 90' lang='lat' dir='ltr'><strong>quid</strong></span> <span class='ocrx_word' id='word_1_14' title='bbox 549 933 611 991; x_wconf 90' lang='lat' dir='ltr'><strong>mali</strong></span> <span class='ocrx_word' id='word_1_15' title='bbox 633 933 767 1008; x_wconf 77' lang='lat' dir='ltr'>capitibus</span> <span class='ocrx_word' id='word_1_16' title='bbox 789 933 893 989; x_wconf 86' lang='lat' dir='ltr'><strong>nostris</strong></span> <span class='ocrx_word' id='word_1_17' title='bbox 914 947 1114 989; x_wconf 88' lang='lat' dir='ltr'><strong>accerseremus</strong></span> <span class='ocrx_word' id='word_1_18' title='bbox 1137 949 1187 1005; x_wconf 93' lang='lat' dir='ltr'><strong>per</strong></span> <span class='ocrx_word' id='word_1_19' title='bbox 1209 932 1421 1005; x_wconf 83' lang='lat' dir='ltr'><strong>imprudenciam</strong></span> <span class='ocrx_word' id='word_1_20' title='bbox 1443 931 1477 989; x_wconf 92' lang='lat' dir='ltr'><strong>iis</strong></span> <span class='ocrx_word' id='word_1_21' title='bbox 1499 932 1574 990; x_wconf 83' lang='lat' dir='ltr'><strong>locis</strong></span> <span class='ocrx_word' id='word_1_22' title='bbox 1590 928 1697 1005; x_wconf 85' lang='lat' dir='ltr'><strong>quibus</strong></span> <span class='ocrx_word' id='word_1_23' title='bbox 1716 929 1770 986; x_wconf 88' lang='lat' dir='ltr'><strong>lor·</strong></span> 
     </span>
     <span class='ocr_line' id='line_1_3' title="bbox 461 1014 1768 1093; baseline -0.005 -15"><span class='ocrx_word' id='word_1_24' title='bbox 461 1020 587 1078; x_wconf 88' lang='lat' dir='ltr'><strong>midabile</strong></span> <span class='ocrx_word' id='word_1_25' title='bbox 609 1030 651 1076; x_wconf 89' lang='lat' dir='ltr'><strong>est</strong></span> <span class='ocrx_word' id='word_1_26' title='bbox 674 1019 816 1093; x_wconf 92' lang='lat' dir='ltr'><strong>imperium</strong></span> <span class='ocrx_word' id='word_1_27' title='bbox 840 1018 1032 1075; x_wconf 71' lang='lat' dir='ltr'><strong>sacerdotum:</strong></span> <span class='ocrx_word' id='word_1_28' title='bbox 1057 1036 1118 1073; x_wconf 90' lang='lat' dir='ltr'><strong>uam</strong></span> <span class='ocrx_word' id='word_1_29' title='bbox 1141 1016 1202 1074; x_wconf 91' lang='lat' dir='ltr'><strong>loeo</strong></span> <span class='ocrx_word' id='word_1_30' title='bbox 1225 1017 1417 1075; x_wconf 71' lang='lat' dir='ltr'><strong>haeretieorum</strong></span> <span class='ocrx_word' id='word_1_31' title='bbox 1432 1018 1575 1075; x_wconf 89' lang='lat' dir='ltr'><strong>habentur</strong></span> <span class='ocrx_word' id='word_1_32' title='bbox 1590 1016 1641 1091; x_wconf 87' lang='lat' dir='ltr'><strong>qui</strong></span> <span class='ocrx_word' id='word_1_33' title='bbox 1658 1014 1768 1072; x_wconf 79' lang='lat' dir='ltr'><strong>Rbomae</strong></span> 
     </span>
     <span class='ocr_line' id='line_1_4' title="bbox 464 1101 1767 1179; baseline -0.005 -18"><span class='ocrx_word' id='word_1_34' title='bbox 464 1114 526 1161; x_wconf 92' lang='lat' dir='ltr'><strong>tuos</strong></span> <span class='ocrx_word' id='word_1_35' title='bbox 547 1104 656 1161; x_wconf 87' lang='lat' dir='ltr'><strong>libellos</strong></span> <span class='ocrx_word' id='word_1_36' title='bbox 679 1105 809 1179; x_wconf 85' lang='lat' dir='ltr'><strong>probant,</strong></span> <span class='ocrx_word' id='word_1_37' title='bbox 832 1111 860 1161; x_wconf 89' lang='lat' dir='ltr'><strong>et</strong></span> <span class='ocrx_word' id='word_1_38' title='bbox 883 1104 929 1177; x_wconf 84' lang='lat' dir='ltr'><strong>qtti</strong></span> <span class='ocrx_word' id='word_1_39' title='bbox 953 1104 1116 1177; x_wconf 87' lang='lat' dir='ltr'><strong>important,</strong></span> <span class='ocrx_word' id='word_1_40' title='bbox 1138 1102 1247 1176; x_wconf 87' lang='lat' dir='ltr'><strong>capitali</strong></span> <span class='ocrx_word' id='word_1_41' title='bbox 1270 1103 1393 1177; x_wconf 90' lang='lat' dir='ltr'><strong>periculo</strong></span> <span class='ocrx_word' id='word_1_42' title='bbox 1416 1104 1585 1178; x_wconf 79' lang='lat' dir='ltr'><strong>important:</strong></span> <span class='ocrx_word' id='word_1_43' title='bbox 1618 1101 1767 1175; x_wconf 73' lang='lat' dir='ltr'>impaciens</span> 
     </span>
     <span class='ocr_line' id='line_1_5' title="bbox 457 1187 1767 1263; baseline -0.004 -17"><span class='ocrx_word' id='word_1_44' title='bbox 457 1192 505 1246; x_wconf 86' lang='lat' dir='ltr'><strong>&#39;est</strong></span> <span class='ocrx_word' id='word_1_45' title='bbox 527 1190 599 1246; x_wconf 87' lang='lat' dir='ltr'><strong>eninr</strong></span> <span class='ocrx_word' id='word_1_46' title='bbox 622 1191 738 1252; x_wconf 79' lang='lat' dir='ltr'><strong>Rhama,</strong></span> <span class='ocrx_word' id='word_1_47' title='bbox 769 1188 896 1263; x_wconf 87' lang='lat' dir='ltr'><strong>superbia</strong></span> <span class='ocrx_word' id='word_1_48' title='bbox 919 1205 1028 1262; x_wconf 78' lang='lat' dir='ltr'>semper</span> <span class='ocrx_word' id='word_1_49' title='bbox 1050 1187 1242 1250; x_wconf 77' lang='lat' dir='ltr'><strong>formidulosa,</strong></span> <span class='ocrx_word' id='word_1_50' title='bbox 1270 1205 1305 1244; x_wconf 90' lang='lat' dir='ltr'><strong>ne</strong></span> <span class='ocrx_word' id='word_1_51' title='bbox 1327 1190 1391 1262; x_wconf 86' lang='lat' dir='ltr'><strong>quid</strong></span> <span class='ocrx_word' id='word_1_52' title='bbox 1413 1189 1515 1245; x_wconf 86' lang='lat' dir='ltr'><strong>veritas</strong></span> <span class='ocrx_word' id='word_1_53' title='bbox 1545 1188 1643 1244; x_wconf 87' lang='lat' dir='ltr'><strong>demat</strong></span> <span class='ocrx_word' id='word_1_54' title='bbox 1671 1203 1767 1242; x_wconf 86' lang='lat' dir='ltr'><strong>eorum</strong></span> 
     </span>
     <span class='ocr_line' id='line_1_6' title="bbox 407 1270 1788 1349; baseline -0.002 -20"><span class='ocrx_word' id='word_1_55' title='bbox 407 1270 524 1347; x_wconf 74' lang='lat' dir='ltr'><strong>l·⁷·quae</strong></span> <span class='ocrx_word' id='word_1_56' title='bbox 546 1292 596 1348; x_wconf 91' lang='lat' dir='ltr'><strong>per</strong></span> <span class='ocrx_word' id='word_1_57' title='bbox 618 1274 788 1349; x_wconf 79' lang='lat' dir='ltr'><strong>tyrannidem</strong></span> <span class='ocrx_word' id='word_1_58' title='bbox 811 1281 987 1347; x_wconf 79' lang='lat' dir='ltr'><strong>occupantur.</strong></span> <span class='ocrx_word' id='word_1_59' title='bbox 1032 1272 1146 1346; x_wconf 83' lang='lat' dir='ltr'><strong>Cognita</strong></span> <span class='ocrx_word' id='word_1_60' title='bbox 1168 1273 1356 1346; x_wconf 80' lang='lat' dir='ltr'><strong>disputatione</strong></span> <span class='ocrx_word' id='word_1_61' title='bbox 1384 1282 1430 1329; x_wconf 92' lang='lat' dir='ltr'><strong>tua</strong></span> <span class='ocrx_word' id='word_1_62' title='bbox 1458 1273 1503 1347; x_wconf 93' lang='lat' dir='ltr'><strong>qui</strong></span> <span class='ocrx_word' id='word_1_63' title='bbox 1534 1270 1671 1329; x_wconf 88' lang='lat' dir='ltr'><strong>volebant</strong></span> <span class='ocrx_word' id='word_1_64' title='bbox 1698 1272 1788 1327; x_wconf 69' lang='lat' dir='ltr'><strong>intere</strong></span> 
     </span>
     <span class='ocr_line' id='line_1_7' title="bbox 433 1356 1768 1433; baseline -0.003 -17"><span class='ocrx_word' id='word_1_65' title='bbox 433 1410 437 1416; x_wconf 92' lang='lat'>.</span> <span class='ocrx_word' id='word_1_66' title='bbox 462 1357 619 1433; x_wconf 69' lang='lat' dir='ltr'><strong>theologos</strong></span> <span class='ocrx_word' id='word_1_67' title='bbox 649 1360 813 1433; x_wconf 91' lang='lat' dir='ltr'><strong>prudencius</strong></span> <span class='ocrx_word' id='word_1_68' title='bbox 842 1359 974 1420; x_wconf 90' lang='lat' dir='ltr'><strong>iudicare,</strong></span> <span class='ocrx_word' id='word_1_69' title='bbox 1004 1356 1175 1414; x_wconf 75' lang='lat' dir='ltr'><strong>disserebant</strong></span> <span class='ocrx_word' id='word_1_70' title='bbox 1202 1358 1283 1414; x_wconf 91' lang='lat' dir='ltr'><strong>eorde</strong></span> <span class='ocrx_word' id='word_1_71' title='bbox 1311 1377 1372 1415; x_wconf 90' lang='lat' dir='ltr'><strong>esse</strong></span> <span class='ocrx_word' id='word_1_72' title='bbox 1401 1366 1502 1420; x_wconf 88' lang='lat' dir='ltr'><strong>tecum,</strong></span> <span class='ocrx_word' id='word_1_73' title='bbox 1535 1373 1584 1413; x_wconf 91' lang='lat' dir='ltr'><strong>ore</strong></span> <span class='ocrx_word' id='word_1_74' title='bbox 1608 1356 1768 1417; x_wconf 81' lang='lat' dir='ltr'><strong>dissentire,</strong></span> 
     </span>
     <span class='ocr_line' id='line_1_8' title="bbox 463 1442 1769 1518; baseline -0.002 -19"><span class='ocrx_word' id='word_1_75' title='bbox 463 1461 519 1499; x_wconf 92' lang='lat' dir='ltr'><strong>non</strong></span> <span class='ocrx_word' id='word_1_76' title='bbox 542 1453 596 1500; x_wconf 92' lang='lat' dir='ltr'><strong>tam</strong></span> <span class='ocrx_word' id='word_1_77' title='bbox 620 1444 692 1518; x_wconf 89' lang='lat' dir='ltr'><strong>quod</strong></span> <span class='ocrx_word' id='word_1_78' title='bbox 707 1442 846 1499; x_wconf 84' lang='lat' dir='ltr'><strong>Pontificis</strong></span> <span class='ocrx_word' id='word_1_79' title='bbox 869 1444 921 1498; x_wconf 83' lang='lat' dir='ltr'><strong>uim</strong></span> <span class='ocrx_word' id='word_1_80' title='bbox 944 1443 1138 1505; x_wconf 86' lang='lat' dir='ltr'><strong>lorruidarent,</strong></span> <span class='ocrx_word' id='word_1_81' title='bbox 1163 1459 1242 1516; x_wconf 88' lang='lat' dir='ltr'><strong>quam</strong></span> <span class='ocrx_word' id='word_1_82' title='bbox 1259 1444 1332 1516; x_wconf 88' lang='lat' dir='ltr'><strong>quod</strong></span> <span class='ocrx_word' id='word_1_83' title='bbox 1348 1444 1421 1499; x_wconf 87' lang='lat' dir='ltr'><strong>illius</strong></span> <span class='ocrx_word' id='word_1_84' title='bbox 1438 1442 1573 1498; x_wconf 89' lang='lat' dir='ltr'><strong>diminuta</strong></span> <span class='ocrx_word' id='word_1_85' title='bbox 1599 1442 1769 1496; x_wconf 85' lang='lat' dir='ltr'><strong>auctoritate</strong></span> 
     </span>
     <span class='ocr_line' id='line_1_9' title="bbox 405 1524 1770 1602; baseline -0.004 -18"><span class='ocrx_word' id='word_1_86' title='bbox 405 1524 452 1575; x_wconf 76' lang='lat' dir='ltr'><strong>§.s</strong></span> <span class='ocrx_word' id='word_1_87' title='bbox 462 1536 550 1584; x_wconf 89' lang='lat' dir='ltr'><strong>status</strong></span> <span class='ocrx_word' id='word_1_88' title='bbox 565 1528 725 1584; x_wconf 79' lang='lat' dir='ltr'><strong>Christianae</strong></span> <span class='ocrx_word' id='word_1_89' title='bbox 748 1527 904 1602; x_wconf 75' lang='lat' dir='ltr'><strong>reipublice</strong></span> <span class='ocrx_word' id='word_1_90' title='bbox 926 1526 1143 1601; x_wconf 86' lang='lat' dir='ltr'><strong>perturbaretur.</strong></span> <span class='ocrx_word' id='word_1_91' title='bbox 1181 1545 1242 1600; x_wconf 75' lang='lat' dir='ltr'><strong>quim</strong></span> <span class='ocrx_word' id='word_1_92' title='bbox 1264 1528 1399 1585; x_wconf 88' lang='lat' dir='ltr'><strong>sententia</strong></span> <span class='ocrx_word' id='word_1_93' title='bbox 1422 1545 1501 1601; x_wconf 89' lang='lat' dir='ltr'><strong>quam</strong></span> <span class='ocrx_word' id='word_1_94' title='bbox 1525 1524 1616 1601; x_wconf 88' lang='lat' dir='ltr'><strong>proba</strong></span> <span class='ocrx_word' id='word_1_95' title='bbox 1641 1526 1692 1587; x_wconf 89' lang='lat' dir='ltr'><strong>sit,</strong></span> <span class='ocrx_word' id='word_1_96' title='bbox 1716 1525 1770 1600; x_wconf 83' lang='lat' dir='ltr'><strong>ipsi</strong></span> 
     </span>
     <span class='ocr_line' id='line_1_10' title="bbox 462 1611 1769 1687; baseline 0.001 -22"><span class='ocrx_word' id='word_1_97' title='bbox 462 1613 592 1669; x_wconf 86' lang='lat' dir='ltr'><strong>viderint:</strong></span> <span class='ocrx_word' id='word_1_98' title='bbox 629 1631 681 1687; x_wconf 87' lang='lat' dir='ltr'><strong>ego</strong></span> <span class='ocrx_word' id='word_1_99' title='bbox 710 1614 750 1670; x_wconf 88' lang='lat' dir='ltr'><strong>sic</strong></span> <span class='ocrx_word' id='word_1_100' title='bbox 783 1613 923 1674; x_wconf 78' lang='lat' dir='ltr'><strong>existimo,</strong></span> <span class='ocrx_word' id='word_1_101' title='bbox 957 1612 1136 1668; x_wconf 83' lang='lat' dir='ltr'><strong>Christianam</strong></span> <span class='ocrx_word' id='word_1_102' title='bbox 1163 1612 1324 1685; x_wconf 77' lang='lat' dir='ltr'><strong>religionem</strong></span> <span class='ocrx_word' id='word_1_103' title='bbox 1352 1630 1406 1668; x_wconf 92' lang='lat' dir='ltr'><strong>non</strong></span> <span class='ocrx_word' id='word_1_104' title='bbox 1435 1629 1517 1685; x_wconf 83' lang='lat' dir='ltr'><strong>egere</strong></span> <span class='ocrx_word' id='word_1_105' title='bbox 1545 1612 1628 1674; x_wconf 88' lang='lat' dir='ltr'><strong>luco,</strong></span> <span class='ocrx_word' id='word_1_106' title='bbox 1661 1628 1693 1667; x_wconf 87' lang='lat' dir='ltr'><strong>ae</strong></span> <span class='ocrx_word' id='word_1_107' title='bbox 1723 1611 1769 1684; x_wconf 89' lang='lat' dir='ltr'><strong>qui</strong></span> 
     </span>
     <span class='ocr_line' id='line_1_11' title="bbox 463 1695 1802 1771; baseline -0.002 -18"><span class='ocrx_word' id='word_1_108' title='bbox 463 1696 544 1753; x_wconf 86' lang='lat' dir='ltr'><strong>aliter</strong></span> <span class='ocrx_word' id='word_1_109' title='bbox 566 1715 615 1754; x_wconf 94' lang='lat' dir='ltr'><strong>ore</strong></span> <span class='ocrx_word' id='word_1_110' title='bbox 638 1715 718 1771; x_wconf 87' lang='lat' dir='ltr'><strong>quam</strong></span> <span class='ocrx_word' id='word_1_111' title='bbox 740 1698 824 1754; x_wconf 88' lang='lat' dir='ltr'><strong>eorde</strong></span> <span class='ocrx_word' id='word_1_112' title='bbox 846 1697 945 1759; x_wconf 89' lang='lat' dir='ltr'><strong>sentit,</strong></span> <span class='ocrx_word' id='word_1_113' title='bbox 968 1716 1029 1754; x_wconf 79' lang='lat' dir='ltr'><strong>eun]</strong></span> <span class='ocrx_word' id='word_1_114' title='bbox 1053 1714 1108 1751; x_wconf 90' lang='lat' dir='ltr'><strong>non</strong></span> <span class='ocrx_word' id='word_1_115' title='bbox 1131 1713 1191 1753; x_wconf 88' lang='lat' dir='ltr'><strong>esse</strong></span> <span class='ocrx_word' id='word_1_116' title='bbox 1214 1697 1314 1753; x_wconf 83' lang='lat' dir='ltr'><strong>Christi</strong></span> <span class='ocrx_word' id='word_1_117' title='bbox 1335 1696 1511 1771; x_wconf 87' lang='lat' dir='ltr'><strong>discipulum,</strong></span> <span class='ocrx_word' id='word_1_118' title='bbox 1534 1695 1617 1753; x_wconf 88' lang='lat' dir='ltr'><strong>cuius</strong></span> <span class='ocrx_word' id='word_1_119' title='bbox 1640 1695 1802 1752; x_wconf 73' lang='lat' dir='ltr'><strong>doctrinale</strong></span> 
     </span>
     <span class='ocr_line' id='line_1_12' title="bbox 406 1780 1770 1856; baseline 0.002 -23"><span class='ocrx_word' id='word_1_120' title='bbox 406 1783 451 1833; x_wconf 68' lang='lat' dir='ltr'><strong>§.ft</strong></span> <span class='ocrx_word' id='word_1_121' title='bbox 461 1783 592 1856; x_wconf 74' lang='lat' dir='ltr'><strong>praecepit</strong></span> <span class='ocrx_word' id='word_1_122' title='bbox 614 1781 664 1839; x_wconf 87' lang='lat' dir='ltr'><strong>‘Sit</strong></span> <span class='ocrx_word' id='word_1_123' title='bbox 686 1799 776 1839; x_wconf 90' lang='lat' dir='ltr'><strong>sermo</strong></span> <span class='ocrx_word' id='word_1_124' title='bbox 799 1791 888 1838; x_wconf 88' lang='lat' dir='ltr'><strong>vester</strong></span> <span class='ocrx_word' id='word_1_125' title='bbox 902 1781 962 1845; x_wconf 86' lang='lat' dir='ltr'><strong>Est,</strong></span> <span class='ocrx_word' id='word_1_126' title='bbox 986 1790 1040 1844; x_wconf 89' lang='lat' dir='ltr'><strong>est,</strong></span> <span class='ocrx_word' id='word_1_127' title='bbox 1064 1781 1137 1843; x_wconf 85' lang='lat' dir='ltr'><strong>Nou,</strong></span> <span class='ocrx_word' id='word_1_128' title='bbox 1160 1782 1232 1837; x_wconf 92' lang='lat' dir='ltr'><strong>non&#39;.</strong></span> <span class='ocrx_word' id='word_1_129' title='bbox 1278 1800 1331 1856; x_wconf 91' lang='lat' dir='ltr'><strong>qua</strong></span> <span class='ocrx_word' id='word_1_130' title='bbox 1354 1782 1488 1839; x_wconf 89' lang='lat' dir='ltr'><strong>sententia</strong></span> <span class='ocrx_word' id='word_1_131' title='bbox 1511 1781 1536 1836; x_wconf 87' lang='lat' dir='ltr'><strong>si</strong></span> <span class='ocrx_word' id='word_1_132' title='bbox 1563 1798 1649 1854; x_wconf 82' lang='lat' dir='ltr'><strong>aeque</strong></span> <span class='ocrx_word' id='word_1_133' title='bbox 1675 1780 1770 1837; x_wconf 87' lang='lat' dir='ltr'><strong>stetis·</strong></span> 
     </span>
     <span class='ocr_line' id='line_1_13' title="bbox 353 1865 1771 1941; baseline -0.001 -20"><span class='ocrx_word' id='word_1_134' title='bbox 353 1923 358 1933; x_wconf 64' lang='lat'><strong>,</strong></span> <span class='ocrx_word' id='word_1_135' title='bbox 462 1877 523 1922; x_wconf 92' lang='lat' dir='ltr'><strong>sent</strong></span> <span class='ocrx_word' id='word_1_136' title='bbox 539 1867 671 1941; x_wconf 83' lang='lat' dir='ltr'><strong>Theologi</strong></span> <span class='ocrx_word' id='word_1_137' title='bbox 694 1867 878 1928; x_wconf 87' lang='lat' dir='ltr'><strong>recenciores,</strong></span> <span class='ocrx_word' id='word_1_138' title='bbox 901 1867 980 1923; x_wconf 90' lang='lat' dir='ltr'><strong>iidem</strong></span> <span class='ocrx_word' id='word_1_139' title='bbox 1002 1866 1186 1940; x_wconf 88' lang='lat' dir='ltr'><strong>disputatores</strong></span> <span class='ocrx_word' id='word_1_140' title='bbox 1203 1884 1233 1923; x_wconf 91' lang='lat' dir='ltr'><strong>ae</strong></span> <span class='ocrx_word' id='word_1_141' title='bbox 1249 1867 1276 1922; x_wconf 92' lang='lat' dir='ltr'><strong>in</strong></span> <span class='ocrx_word' id='word_1_142' title='bbox 1292 1866 1472 1924; x_wconf 73' lang='lat' dir='ltr'><strong>Aristotelicis</strong></span> <span class='ocrx_word' id='word_1_143' title='bbox 1487 1865 1609 1922; x_wconf 86' lang='lat' dir='ltr'><strong>decretis</strong></span> <span class='ocrx_word' id='word_1_144' title='bbox 1627 1865 1672 1921; x_wconf 87' lang='lat' dir='ltr'><strong>vel</strong></span> <span class='ocrx_word' id='word_1_145' title='bbox 1688 1865 1771 1921; x_wconf 87' lang='lat' dir='ltr'><strong>aenei</strong></span> 
     </span>
     <span class='ocr_line' id='line_1_14' title="bbox 464 1948 1771 2025; baseline -0.002 -19"><span class='ocrx_word' id='word_1_146' title='bbox 464 1952 549 2015; x_wconf 91' lang='lat' dir='ltr'><strong>muri,</strong></span> <span class='ocrx_word' id='word_1_147' title='bbox 582 1970 637 2008; x_wconf 91' lang='lat' dir='ltr'><strong>nou</strong></span> <span class='ocrx_word' id='word_1_148' title='bbox 664 1968 697 2008; x_wconf 89' lang='lat' dir='ltr'><strong>eo</strong></span> <span class='ocrx_word' id='word_1_149' title='bbox 725 1960 833 2008; x_wconf 84' lang='lat' dir='ltr'><strong>sentum</strong></span> <span class='ocrx_word' id='word_1_150' title='bbox 862 1961 948 2015; x_wconf 87' lang='lat' dir='ltr'><strong>esset,</strong></span> <span class='ocrx_word' id='word_1_151' title='bbox 983 1961 1013 2007; x_wconf 91' lang='lat' dir='ltr'><strong>ut</strong></span> <span class='ocrx_word' id='word_1_152' title='bbox 1039 1951 1202 2024; x_wconf 75' lang='lat' dir='ltr'><strong>cogerentur</strong></span> <span class='ocrx_word' id='word_1_153' title='bbox 1228 1950 1290 2025; x_wconf 89' lang='lat' dir='ltr'><strong>plus</strong></span> <span class='ocrx_word' id='word_1_154' title='bbox 1318 1951 1429 2008; x_wconf 90' lang='lat' dir='ltr'><strong>obedire</strong></span> <span class='ocrx_word' id='word_1_155' title='bbox 1456 1949 1599 2007; x_wconf 84' lang='lat' dir='ltr'><strong>Pontiheis</strong></span> <span class='ocrx_word' id='word_1_156' title='bbox 1629 1948 1771 2006; x_wconf 86' lang='lat' dir='ltr'><strong>voluntati</strong></span> 
     </span>
     <span class='ocr_line' id='line_1_15' title="bbox 391 2030 1771 2118; baseline 0.001 -29"><span class='ocrx_word' id='word_1_157' title='bbox 391 2038 439 2101; x_wconf 76' lang='lat' dir='ltr'><strong>fot.</strong></span> <span class='ocrx_word' id='word_1_158' title='bbox 447 2036 495 2089; x_wconf 79' lang='lat'>12¹².</span> <span class='ocrx_word' id='word_1_159' title='bbox 514 2030 614 2118; x_wconf 70' lang='lat' dir='ltr'><strong>{quiam</strong></span> <span class='ocrx_word' id='word_1_160' title='bbox 630 2036 730 2093; x_wconf 88' lang='lat' dir='ltr'><strong>Christi</strong></span> <span class='ocrx_word' id='word_1_161' title='bbox 745 2036 905 2110; x_wconf 75' lang='lat' dir='ltr'><strong>preceptis,</strong></span> <span class='ocrx_word' id='word_1_162' title='bbox 921 2053 1010 2110; x_wconf 85' lang='lat' dir='ltr'><strong>neque</strong></span> <span class='ocrx_word' id='word_1_163' title='bbox 1026 2045 1055 2091; x_wconf 92' lang='lat' dir='ltr'><strong>tu</strong></span> <span class='ocrx_word' id='word_1_164' title='bbox 1075 2035 1080 2108; x_wconf 90' lang='grc'>1</span> <span class='ocrx_word' id='word_1_165' title='bbox 1101 2037 1127 2091; x_wconf 92' lang='lat' dir='ltr'><strong>in</strong></span> <span class='ocrx_word' id='word_1_166' title='bbox 1144 2045 1189 2092; x_wconf 88' lang='lat' dir='ltr'><strong>tua</strong></span> <span class='ocrx_word' id='word_1_167' title='bbox 1204 2037 1390 2094; x_wconf 82' lang='lat' dir='ltr'><strong>controversia</strong></span> <span class='ocrx_word' id='word_1_168' title='bbox 1407 2044 1510 2092; x_wconf 89' lang='lat' dir='ltr'><strong>tantum</strong></span> <span class='ocrx_word' id='word_1_169' title='bbox 1526 2051 1677 2109; x_wconf 78' lang='lat' dir='ltr'><strong>gravarem</strong></span> <span class='ocrx_word' id='word_1_170' title='bbox 1694 2034 1771 2090; x_wconf 86' lang='lat' dir='ltr'><strong>illius</strong></span> 
     </span>
     <span class='ocr_line' id='line_1_16' title="bbox 463 2119 1814 2195; baseline -0.003 -16"><span class='ocrx_word' id='word_1_171' title='bbox 463 2124 639 2185; x_wconf 87' lang='lat' dir='ltr'><strong>auctoritate,</strong></span> <span class='ocrx_word' id='word_1_172' title='bbox 669 2138 757 2195; x_wconf 87' lang='lat' dir='ltr'><strong>neque</strong></span> <span class='ocrx_word' id='word_1_173' title='bbox 785 2122 887 2179; x_wconf 90' lang='lat' dir='ltr'><strong>llhoma</strong></span> <span class='ocrx_word' id='word_1_174' title='bbox 915 2121 982 2178; x_wconf 88' lang='lat' dir='ltr'><strong>adeo</strong></span> <span class='ocrx_word' id='word_1_175' title='bbox 1011 2129 1143 2177; x_wconf 87' lang='lat' dir='ltr'><strong>mutasset</strong></span> <span class='ocrx_word' id='word_1_176' title='bbox 1170 2120 1248 2177; x_wconf 87' lang='lat' dir='ltr'><strong>fidem</strong></span> <span class='ocrx_word' id='word_1_177' title='bbox 1276 2121 1440 2179; x_wconf 87' lang='lat' dir='ltr'><strong>Catholicarn</strong></span> <span class='ocrx_word' id='word_1_178' title='bbox 1467 2122 1495 2176; x_wconf 89' lang='lat' dir='ltr'><strong>in</strong></span> <span class='ocrx_word' id='word_1_179' title='bbox 1522 2119 1606 2176; x_wconf 90' lang='lat' dir='ltr'><strong>aliam</strong></span> <span class='ocrx_word' id='word_1_180' title='bbox 1636 2120 1814 2181; x_wconf 68' lang='lat' dir='ltr'><strong>corruamus·</strong></span> 
     </span>
     <span class='ocr_line' id='line_1_17' title="bbox 464 2204 1773 2281; baseline -0.004 -17"><span class='ocrx_word' id='word_1_181' title='bbox 464 2207 511 2265; x_wconf 85' lang='lat' dir='ltr'><strong>sed</strong></span> <span class='ocrx_word' id='word_1_182' title='bbox 533 2207 620 2271; x_wconf 92' lang='lat' dir='ltr'><strong>illius,</strong></span> <span class='ocrx_word' id='word_1_183' title='bbox 650 2207 696 2281; x_wconf 91' lang='lat' dir='ltr'><strong>qui</strong></span> <span class='ocrx_word' id='word_1_184' title='bbox 718 2225 779 2263; x_wconf 92' lang='lat' dir='ltr'><strong>cum</strong></span> <span class='ocrx_word' id='word_1_185' title='bbox 801 2206 838 2262; x_wconf 92' lang='lat' dir='ltr'><strong>sit</strong></span> <span class='ocrx_word' id='word_1_186' title='bbox 859 2207 957 2269; x_wconf 87' lang='lat' dir='ltr'><strong>horno,</strong></span> <span class='ocrx_word' id='word_1_187' title='bbox 985 2206 1091 2263; x_wconf 87' lang='lat' dir='ltr'><strong>divinos</strong></span> <span class='ocrx_word' id='word_1_188' title='bbox 1115 2207 1234 2263; x_wconf 91' lang='lat' dir='ltr'><strong>honores</strong></span> <span class='ocrx_word' id='word_1_189' title='bbox 1257 2206 1291 2262; x_wconf 91' lang='lat' dir='ltr'><strong>ab</strong></span> <span class='ocrx_word' id='word_1_190' title='bbox 1313 2204 1528 2263; x_wconf 89' lang='lat' dir='ltr'><strong>assentatoribus</strong></span> <span class='ocrx_word' id='word_1_191' title='bbox 1550 2204 1607 2261; x_wconf 89' lang='lat' dir='ltr'><strong>sibi</strong></span> <span class='ocrx_word' id='word_1_192' title='bbox 1629 2204 1773 2279; x_wconf 89' lang='lat' dir='ltr'><strong>permittit</strong></span> 
     </span>
     <span class='ocr_line' id='line_1_18' title="bbox 465 2289 1772 2366; baseline -0.003 -18"><span class='ocrx_word' id='word_1_193' title='bbox 465 2292 597 2366; x_wconf 91' lang='lat' dir='ltr'><strong>impendi,</strong></span> <span class='ocrx_word' id='word_1_194' title='bbox 626 2300 782 2365; x_wconf 89' lang='lat' dir='ltr'><strong>contempta</strong></span> <span class='ocrx_word' id='word_1_195' title='bbox 804 2292 862 2348; x_wconf 89' lang='lat' dir='ltr'><strong>elus</strong></span> <span class='ocrx_word' id='word_1_196' title='bbox 885 2292 987 2353; x_wconf 81' lang='lat' dir='ltr'><strong>torma,</strong></span> <span class='ocrx_word' id='word_1_197' title='bbox 1017 2291 1064 2365; x_wconf 92' lang='lat' dir='ltr'><strong>qui</strong></span> <span class='ocrx_word' id='word_1_198' title='bbox 1091 2290 1158 2347; x_wconf 88' lang='lat' dir='ltr'><strong>deus</strong></span> <span class='ocrx_word' id='word_1_199' title='bbox 1187 2308 1247 2347; x_wconf 87' lang='lat' dir='ltr'><strong>curn</strong></span> <span class='ocrx_word' id='word_1_200' title='bbox 1274 2301 1361 2355; x_wconf 89' lang='lat' dir='ltr'><strong>esset,</strong></span> <span class='ocrx_word' id='word_1_201' title='bbox 1389 2308 1449 2348; x_wconf 87' lang='lat' dir='ltr'><strong>sese</strong></span> <span class='ocrx_word' id='word_1_202' title='bbox 1475 2289 1625 2346; x_wconf 78' lang='lat' dir='ltr'><strong>exinanivit</strong></span> <span class='ocrx_word' id='word_1_203' title='bbox 1653 2297 1772 2363; x_wconf 82' lang='lat' dir='ltr'><strong>accepta</strong></span> 
     </span>
     <span class='ocr_line' id='line_1_19' title="bbox 394 2373 1770 2449; baseline -0.002 -17"><span class='ocrx_word' id='word_1_204' title='bbox 394 2377 551 2435; x_wconf 83' lang='lat' dir='ltr'><strong>l.¹⁰·lorma</strong></span> <span class='ocrx_word' id='word_1_205' title='bbox 577 2377 655 2433; x_wconf 84' lang='lat' dir='ltr'><strong>servi.</strong></span> <span class='ocrx_word' id='word_1_206' title='bbox 710 2376 865 2433; x_wconf 90' lang='lat' dir='ltr'><strong>Communis</strong></span> <span class='ocrx_word' id='word_1_207' title='bbox 893 2393 944 2431; x_wconf 79' lang='lat' dir='ltr'><strong>vos</strong></span> <span class='ocrx_word' id='word_1_208' title='bbox 972 2383 1014 2431; x_wconf 89' lang='lat' dir='ltr'><strong>est</strong></span> <span class='ocrx_word' id='word_1_209' title='bbox 1047 2375 1158 2431; x_wconf 74' lang='lat' dir='ltr'><strong>llhoruae</strong></span> <span class='ocrx_word' id='word_1_210' title='bbox 1186 2376 1269 2432; x_wconf 90' lang='lat' dir='ltr'><strong>eciam</strong></span> <span class='ocrx_word' id='word_1_211' title='bbox 1297 2394 1392 2432; x_wconf 92' lang='lat' dir='ltr'><strong>eorum</strong></span> <span class='ocrx_word' id='word_1_212' title='bbox 1421 2376 1467 2449; x_wconf 85' lang='lat' dir='ltr'><strong>qui</strong></span> <span class='ocrx_word' id='word_1_213' title='bbox 1500 2391 1599 2449; x_wconf 86' lang='lat' dir='ltr'><strong>sapere</strong></span> <span class='ocrx_word' id='word_1_214' title='bbox 1628 2373 1770 2436; x_wconf 84' lang='lat' dir='ltr'><strong>videntur,</strong></span> 
     </span>
     <span class='ocr_line' id='line_1_20' title="bbox 461 2458 1770 2534; baseline -0.002 -17"><span class='ocrx_word' id='word_1_215' title='bbox 461 2461 528 2518; x_wconf 94' lang='lat' dir='ltr'><strong>illud</strong></span> <span class='ocrx_word' id='word_1_216' title='bbox 552 2479 607 2517; x_wconf 90' lang='lat' dir='ltr'><strong>non</strong></span> <span class='ocrx_word' id='word_1_217' title='bbox 629 2479 703 2524; x_wconf 91' lang='lat' dir='ltr'><strong>esse,</strong></span> <span class='ocrx_word' id='word_1_218' title='bbox 726 2479 782 2516; x_wconf 88' lang='lat' dir='ltr'><strong>uon</strong></span> <span class='ocrx_word' id='word_1_219' title='bbox 805 2478 885 2534; x_wconf 89' lang='lat' dir='ltr'><strong>posse</strong></span> <span class='ocrx_word' id='word_1_220' title='bbox 901 2460 1161 2516; x_wconf 90' lang='lat' dir='ltr'><strong>Christianissiurum</strong></span> <span class='ocrx_word' id='word_1_221' title='bbox 1178 2461 1250 2533; x_wconf 88' lang='lat' dir='ltr'><strong>quod</strong></span> <span class='ocrx_word' id='word_1_222' title='bbox 1265 2461 1389 2518; x_wconf 83' lang='lat' dir='ltr'><strong>Pontifici</strong></span> <span class='ocrx_word' id='word_1_223' title='bbox 1412 2460 1529 2516; x_wconf 84' lang='lat' dir='ltr'><strong>ruaximo</strong></span> <span class='ocrx_word' id='word_1_224' title='bbox 1550 2458 1642 2514; x_wconf 86' lang='lat' dir='ltr'><strong>visum</strong></span> <span class='ocrx_word' id='word_1_225' title='bbox 1666 2459 1770 2522; x_wconf 60' lang='lat' dir='ltr'><strong>fuerin</strong></span> 
     </span>
     <span class='ocr_line' id='line_1_21' title="bbox 463 2541 1800 2619; baseline -0.002 -18"><span class='ocrx_word' id='word_1_226' title='bbox 463 2546 545 2602; x_wconf 93' lang='lat' dir='ltr'><strong>immo</strong></span> <span class='ocrx_word' id='word_1_227' title='bbox 568 2546 591 2602; x_wconf 90' lang='lat' dir='ltr'><strong>si</strong></span> <span class='ocrx_word' id='word_1_228' title='bbox 613 2554 722 2603; x_wconf 89' lang='lat' dir='ltr'><strong>centum</strong></span> <span class='ocrx_word' id='word_1_229' title='bbox 743 2545 858 2607; x_wconf 90' lang='lat' dir='ltr'><strong>Paulos,</strong></span> <span class='ocrx_word' id='word_1_230' title='bbox 887 2545 969 2601; x_wconf 80' lang='lat' dir='ltr'><strong>inimo</strong></span> <span class='ocrx_word' id='word_1_231' title='bbox 992 2554 1078 2600; x_wconf 90' lang='lat' dir='ltr'><strong>totam</strong></span> <span class='ocrx_word' id='word_1_232' title='bbox 1101 2545 1265 2619; x_wconf 89' lang='lat' dir='ltr'><strong>scripturam</strong></span> <span class='ocrx_word' id='word_1_233' title='bbox 1288 2545 1413 2607; x_wconf 82' lang='lat' dir='ltr'><strong>obiicias,</strong></span> <span class='ocrx_word' id='word_1_234' title='bbox 1442 2562 1503 2601; x_wconf 87' lang='lat' dir='ltr'><strong>cum</strong></span> <span class='ocrx_word' id='word_1_235' title='bbox 1526 2542 1563 2599; x_wconf 90' lang='lat' dir='ltr'><strong>sit</strong></span> <span class='ocrx_word' id='word_1_236' title='bbox 1590 2541 1640 2599; x_wconf 91' lang='lat' dir='ltr'><strong>ille</strong></span> <span class='ocrx_word' id='word_1_237' title='bbox 1661 2542 1800 2599; x_wconf 75' lang='lat' dir='ltr'><strong>christia</strong></span> 
     </span>
     <span class='ocr_line' id='line_1_22' title="bbox 463 2628 1770 2703; baseline 0.001 -19"><span class='ocrx_word' id='word_1_238' title='bbox 463 2629 600 2693; x_wconf 86' lang='lat' dir='ltr'><strong>Viearius,</strong></span> <span class='ocrx_word' id='word_1_239' title='bbox 621 2629 717 2686; x_wconf 86' lang='lat' dir='ltr'><strong>ducem</strong></span> <span class='ocrx_word' id='word_1_240' title='bbox 740 2629 842 2686; x_wconf 86' lang='lat' dir='ltr'><strong>habens</strong></span> <span class='ocrx_word' id='word_1_241' title='bbox 865 2637 986 2687; x_wconf 89' lang='lat' dir='ltr'><strong>sanetum</strong></span> <span class='ocrx_word' id='word_1_242' title='bbox 1009 2630 1137 2703; x_wconf 89' lang='lat' dir='ltr'><strong>spiritum</strong></span> <span class='ocrx_word' id='word_1_243' title='bbox 1160 2647 1214 2703; x_wconf 87' lang='lat' dir='ltr'><strong>quo</strong></span> <span class='ocrx_word' id='word_1_244' title='bbox 1237 2638 1363 2703; x_wconf 87' lang='lat' dir='ltr'><strong>regatur:</strong></span> <span class='ocrx_word' id='word_1_245' title='bbox 1391 2638 1535 2687; x_wconf 88' lang='lat' dir='ltr'><strong>versantur</strong></span> <span class='ocrx_word' id='word_1_246' title='bbox 1551 2628 1629 2684; x_wconf 92' lang='lat' dir='ltr'><strong>euim</strong></span> <span class='ocrx_word' id='word_1_247' title='bbox 1648 2628 1678 2684; x_wconf 90' lang='lat' dir='ltr'><strong>in</strong></span> <span class='ocrx_word' id='word_1_248' title='bbox 1694 2645 1770 2685; x_wconf 87' lang='lat' dir='ltr'><strong>com·</strong></span> 
     </span>
     <span class='ocr_line' id='line_1_23' title="bbox 468 2712 1769 2789; baseline -0.001 -19"><span class='ocrx_word' id='word_1_249' title='bbox 468 2714 542 2770; x_wconf 89' lang='lat' dir='ltr'><strong>muni</strong></span> <span class='ocrx_word' id='word_1_250' title='bbox 565 2731 616 2769; x_wconf 91' lang='lat' dir='ltr'><strong>usu</strong></span> <span class='ocrx_word' id='word_1_251' title='bbox 637 2712 691 2770; x_wconf 90' lang='lat' dir='ltr'><strong>loci</strong></span> <span class='ocrx_word' id='word_1_252' title='bbox 715 2714 822 2786; x_wconf 90' lang='lat' dir='ltr'><strong>quidam</strong></span> <span class='ocrx_word' id='word_1_253' title='bbox 845 2731 877 2770; x_wconf 81' lang='lat' dir='ltr'><strong>eu</strong></span> <span class='ocrx_word' id='word_1_254' title='bbox 899 2714 1035 2788; x_wconf 83' lang='lat' dir='ltr'><strong>scriptura</strong></span> <span class='ocrx_word' id='word_1_255' title='bbox 1058 2714 1127 2771; x_wconf 90' lang='lat' dir='ltr'><strong>male</strong></span> <span class='ocrx_word' id='word_1_256' title='bbox 1149 2714 1295 2778; x_wconf 86' lang='lat' dir='ltr'><strong>intellecti,</strong></span> <span class='ocrx_word' id='word_1_257' title='bbox 1324 2714 1422 2789; x_wconf 90' lang='lat' dir='ltr'><strong>quibus</strong></span> <span class='ocrx_word' id='word_1_258' title='bbox 1445 2732 1493 2770; x_wconf 91' lang='lat' dir='ltr'><strong>ora</strong></span> <span class='ocrx_word' id='word_1_259' title='bbox 1514 2712 1769 2770; x_wconf 83' lang='lat' dir='ltr'><strong>contradiceueium</strong></span> 
     </span>
     <span class='ocr_line' id='line_1_24' title="bbox 397 2797 1768 2875; baseline -0.001 -21"><span class='ocrx_word' id='word_1_260' title='bbox 397 2802 483 2856; x_wconf 78' lang='lat' dir='ltr'><strong>§.lt-e</strong></span> <span class='ocrx_word' id='word_1_261' title='bbox 504 2798 622 2872; x_wconf 88' lang='lat' dir='ltr'><strong>vestigio</strong></span> <span class='ocrx_word' id='word_1_262' title='bbox 645 2797 773 2854; x_wconf 89' lang='lat' dir='ltr'><strong>obturare</strong></span> <span class='ocrx_word' id='word_1_263' title='bbox 795 2807 937 2855; x_wconf 86' lang='lat' dir='ltr'><strong>conantur.</strong></span> <span class='ocrx_word' id='word_1_264' title='bbox 982 2799 1051 2867; x_wconf 84' lang='lat' dir='ltr'><strong>Quid</strong></span> <span class='ocrx_word' id='word_1_265' title='bbox 1074 2799 1159 2873; x_wconf 84' lang='lat' dir='ltr'><strong>igitur</strong></span> <span class='ocrx_word' id='word_1_266' title='bbox 1181 2799 1261 2856; x_wconf 89' lang='lat' dir='ltr'><strong>laciet</strong></span> <span class='ocrx_word' id='word_1_267' title='bbox 1280 2797 1434 2875; x_wconf 83' lang='lat' dir='ltr'><strong>disputacio</strong></span> <span class='ocrx_word' id='word_1_268' title='bbox 1456 2807 1517 2861; x_wconf 88' lang='lat' dir='ltr'><strong>tua,</strong></span> <span class='ocrx_word' id='word_1_269' title='bbox 1540 2814 1623 2872; x_wconf 90' lang='lat' dir='ltr'><strong>quem</strong></span> <span class='ocrx_word' id='word_1_270' title='bbox 1645 2797 1768 2855; x_wconf 80' lang='lat' dir='ltr'><strong>fructum</strong></span> 
     </span>
     <span class='ocr_line' id='line_1_25' title="bbox 466 2881 1768 2959; baseline 0 -20"><span class='ocrx_word' id='word_1_271' title='bbox 466 2882 548 2939; x_wconf 88' lang='lat' dir='ltr'><strong>nobis</strong></span> <span class='ocrx_word' id='word_1_272' title='bbox 570 2883 684 2939; x_wconf 87' lang='lat' dir='ltr'><strong>allerent</strong></span> <span class='ocrx_word' id='word_1_273' title='bbox 706 2900 789 2939; x_wconf 77' lang='lat' dir='ltr'><strong>sacrte</strong></span> <span class='ocrx_word' id='word_1_274' title='bbox 811 2882 898 2939; x_wconf 83' lang='lat' dir='ltr'><strong>literae</strong></span> <span class='ocrx_word' id='word_1_275' title='bbox 920 2884 1018 2940; x_wconf 88' lang='lat' dir='ltr'><strong>amissa</strong></span> <span class='ocrx_word' id='word_1_276' title='bbox 1041 2884 1222 2941; x_wconf 85' lang='lat' dir='ltr'><strong>auctoritate?</strong></span> <span class='ocrx_word' id='word_1_277' title='bbox 1254 2901 1350 2959; x_wconf 89' lang='lat' dir='ltr'><strong>nempe</strong></span> <span class='ocrx_word' id='word_1_278' title='bbox 1373 2884 1478 2941; x_wconf 92' lang='lat' dir='ltr'><strong>nullum</strong></span> <span class='ocrx_word' id='word_1_279' title='bbox 1500 2882 1553 2939; x_wconf 85' lang='lat' dir='ltr'><strong>nisi</strong></span> <span class='ocrx_word' id='word_1_280' title='bbox 1575 2881 1719 2957; x_wconf 90' lang='lat' dir='ltr'><strong>principes</strong></span> <span class='ocrx_word' id='word_1_281' title='bbox 1740 2889 1768 2939; x_wconf 88' lang='lat' dir='ltr'><strong>et</strong></span> 
     </span>
     <span class='ocr_line' id='line_1_26' title="bbox 466 2966 1797 3046; baseline -0.002 -21"><span class='ocrx_word' id='word_1_282' title='bbox 466 2968 589 3043; x_wconf 89' lang='lat' dir='ltr'><strong>episcopi</strong></span> <span class='ocrx_word' id='word_1_283' title='bbox 611 2967 731 3024; x_wconf 87' lang='lat' dir='ltr'><strong>sanctius</strong></span> <span class='ocrx_word' id='word_1_284' title='bbox 753 2968 853 3024; x_wconf 89' lang='lat' dir='ltr'><strong>ducent</strong></span> <span class='ocrx_word' id='word_1_285' title='bbox 875 2969 955 3024; x_wconf 84' lang='lat' dir='ltr'><strong>verba</strong></span> <span class='ocrx_word' id='word_1_286' title='bbox 977 2968 1021 3025; x_wconf 92' lang='lat' dir='ltr'><strong>dei</strong></span> <span class='ocrx_word' id='word_1_287' title='bbox 1043 2968 1202 3046; x_wconf 84' lang='lat' dir='ltr'><strong>detendere,</strong></span> <span class='ocrx_word' id='word_1_288' title='bbox 1226 2987 1306 3043; x_wconf 88' lang='lat' dir='ltr'><strong>quam</strong></span> <span class='ocrx_word' id='word_1_289' title='bbox 1328 2972 1381 3026; x_wconf 87' lang='lat' dir='ltr'><strong>vim</strong></span> <span class='ocrx_word' id='word_1_290' title='bbox 1403 2969 1462 3025; x_wconf 89' lang='lat' dir='ltr'><strong>auri</strong></span> <span class='ocrx_word' id='word_1_291' title='bbox 1484 2966 1624 3025; x_wconf 85' lang='lat' dir='ltr'><strong>ellundere</strong></span> <span class='ocrx_word' id='word_1_292' title='bbox 1646 2985 1702 3041; x_wconf 92' lang='lat' dir='ltr'><strong>pro</strong></span> <span class='ocrx_word' id='word_1_293' title='bbox 1724 2974 1797 3023; x_wconf 65' lang='lat' dir='ltr'><strong>tots</strong></span> 
     </span>
     <span class='ocr_line' id='line_1_27' title="bbox 467 3051 1766 3129; baseline 0 -20"><span class='ocrx_word' id='word_1_294' title='bbox 467 3051 571 3128; x_wconf 84' lang='lat' dir='ltr'><strong>palliis,</strong></span> <span class='ocrx_word' id='word_1_295' title='bbox 595 3052 789 3127; x_wconf 86' lang='lat' dir='ltr'><strong>indulgenciis,</strong></span> <span class='ocrx_word' id='word_1_296' title='bbox 812 3052 908 3116; x_wconf 90' lang='lat' dir='ltr'><strong>bullis,</strong></span> <span class='ocrx_word' id='word_1_297' title='bbox 932 3053 1028 3127; x_wconf 86' lang='lat' dir='ltr'><strong>nrrgis,</strong></span> <span class='ocrx_word' id='word_1_298' title='bbox 1051 3054 1155 3126; x_wconf 83' lang='lat' dir='ltr'><strong>gerris,</strong></span> <span class='ocrx_word' id='word_1_299' title='bbox 1185 3072 1239 3127; x_wconf 89' lang='lat' dir='ltr'><strong>quo</strong></span> <span class='ocrx_word' id='word_1_300' title='bbox 1262 3055 1347 3111; x_wconf 91' lang='lat' dir='ltr'><strong>sancti</strong></span> <span class='ocrx_word' id='word_1_301' title='bbox 1370 3063 1462 3129; x_wconf 87' lang='lat' dir='ltr'><strong>patres</strong></span> <span class='ocrx_word' id='word_1_302' title='bbox 1485 3070 1532 3109; x_wconf 87' lang='lat' dir='ltr'><strong>sua</strong></span> <span class='ocrx_word' id='word_1_303' title='bbox 1554 3061 1648 3109; x_wconf 88' lang='lat' dir='ltr'><strong>scorta</strong></span> <span class='ocrx_word' id='word_1_304' title='bbox 1672 3059 1702 3108; x_wconf 89' lang='lat' dir='ltr'><strong>et</strong></span> <span class='ocrx_word' id='word_1_305' title='bbox 1722 3070 1766 3125; x_wconf 78' lang='lat' dir='ltr'><strong>cy·</strong></span> 
     </span>
     <span class='ocr_line' id='line_1_28' title="bbox 397 3137 1766 3212; baseline -0.001 -18"><span class='ocrx_word' id='word_1_306' title='bbox 397 3138 559 3194; x_wconf 68' lang='lat' dir='ltr'><strong>§.tenedos</strong></span> <span class='ocrx_word' id='word_1_307' title='bbox 582 3137 663 3194; x_wconf 85' lang='lat' dir='ltr'><strong>alant.</strong></span> <span class='ocrx_word' id='word_1_308' title='bbox 708 3138 926 3211; x_wconf 81' lang='lat' dir='ltr'><strong>Reprehendenti</strong></span> <span class='ocrx_word' id='word_1_309' title='bbox 955 3137 1020 3194; x_wconf 91' lang='lat' dir='ltr'><strong>mihi</strong></span> <span class='ocrx_word' id='word_1_310' title='bbox 1050 3139 1212 3212; x_wconf 88' lang='lat' dir='ltr'><strong>quandoque</strong></span> <span class='ocrx_word' id='word_1_311' title='bbox 1240 3157 1332 3196; x_wconf 89' lang='lat' dir='ltr'><strong>coram</strong></span> <span class='ocrx_word' id='word_1_312' title='bbox 1360 3139 1476 3212; x_wconf 82' lang='lat' dir='ltr'><strong>quodam</strong></span> <span class='ocrx_word' id='word_1_313' title='bbox 1505 3137 1639 3211; x_wconf 87' lang='lat' dir='ltr'><strong>magistro</strong></span> <span class='ocrx_word' id='word_1_314' title='bbox 1668 3146 1766 3193; x_wconf 88' lang='lat' dir='ltr'><strong>uestro</strong></span> 
     </span>
     <span class='ocr_line' id='line_1_29' title="bbox 464 3222 1766 3298; baseline -0.002 -19"><span class='ocrx_word' id='word_1_315' title='bbox 464 3223 639 3280; x_wconf 88' lang='lat' dir='ltr'><strong>bomiuicista</strong></span> <span class='ocrx_word' id='word_1_316' title='bbox 662 3222 832 3279; x_wconf 89' lang='lat' dir='ltr'><strong>immodicam</strong></span> <span class='ocrx_word' id='word_1_317' title='bbox 853 3222 993 3280; x_wconf 90' lang='lat' dir='ltr'><strong>licenciam</strong></span> <span class='ocrx_word' id='word_1_318' title='bbox 1009 3223 1243 3297; x_wconf 85' lang='lat' dir='ltr'><strong>llheruanamqua</strong></span> <span class='ocrx_word' id='word_1_319' title='bbox 1258 3224 1427 3280; x_wconf 84' lang='lat' dir='ltr'><strong>Christianus</strong></span> <span class='ocrx_word' id='word_1_320' title='bbox 1449 3222 1568 3298; x_wconf 88' lang='lat' dir='ltr'><strong>populus</strong></span> <span class='ocrx_word' id='word_1_321' title='bbox 1590 3231 1766 3296; x_wconf 87' lang='lat' dir='ltr'><strong>premeretur</strong></span> 
     </span>
     <span class='ocr_line' id='line_1_30' title="bbox 465 3306 1765 3381; baseline -0.002 -17"><span class='ocrx_word' id='word_1_322' title='bbox 465 3315 493 3364; x_wconf 91' lang='lat' dir='ltr'><strong>et</strong></span> <span class='ocrx_word' id='word_1_323' title='bbox 516 3325 606 3364; x_wconf 90' lang='lat' dir='ltr'><strong>mores</strong></span> <span class='ocrx_word' id='word_1_324' title='bbox 629 3307 832 3381; x_wconf 86' lang='lat' dir='ltr'><strong>polluerentur,</strong></span> <span class='ocrx_word' id='word_1_325' title='bbox 862 3308 1004 3381; x_wconf 90' lang='lat' dir='ltr'><strong>respondit</strong></span> <span class='ocrx_word' id='word_1_326' title='bbox 1027 3307 1073 3363; x_wconf 91' lang='lat' dir='ltr'><strong>ille</strong></span> <span class='ocrx_word' id='word_1_327' title='bbox 1097 3308 1155 3364; x_wconf 85' lang='lat' dir='ltr'><strong>fieri</strong></span> <span class='ocrx_word' id='word_1_328' title='bbox 1178 3310 1269 3364; x_wconf 90' lang='lat' dir='ltr'><strong>omnia</strong></span> <span class='ocrx_word' id='word_1_329' title='bbox 1291 3309 1337 3365; x_wconf 86' lang='lat' dir='ltr'><strong>illa</strong></span> <span class='ocrx_word' id='word_1_330' title='bbox 1359 3309 1448 3365; x_wconf 88' lang='lat' dir='ltr'><strong>divina</strong></span> <span class='ocrx_word' id='word_1_331' title='bbox 1471 3306 1658 3381; x_wconf 87' lang='lat' dir='ltr'><strong>providentia,</strong></span> <span class='ocrx_word' id='word_1_332' title='bbox 1683 3306 1765 3362; x_wconf 91' lang='lat' dir='ltr'><strong>etde</strong></span> 
     </span>
     <span class='ocr_line' id='line_1_31' title="bbox 465 3390 1794 3466; baseline -0.002 -17"><span class='ocrx_word' id='word_1_333' title='bbox 465 3392 508 3449; x_wconf 91' lang='lat' dir='ltr'><strong>dei</strong></span> <span class='ocrx_word' id='word_1_334' title='bbox 531 3392 670 3448; x_wconf 83' lang='lat' dir='ltr'><strong>voluntate</strong></span> <span class='ocrx_word' id='word_1_335' title='bbox 693 3410 747 3448; x_wconf 90' lang='lat' dir='ltr'><strong>non</strong></span> <span class='ocrx_word' id='word_1_336' title='bbox 771 3410 830 3449; x_wconf 89' lang='lat' dir='ltr'><strong>esse</strong></span> <span class='ocrx_word' id='word_1_337' title='bbox 853 3393 1054 3466; x_wconf 88' lang='lat' dir='ltr'><strong>inquirendum.</strong></span> <span class='ocrx_word' id='word_1_338' title='bbox 1098 3392 1141 3449; x_wconf 90' lang='lat' dir='ltr'><strong>cui</strong></span> <span class='ocrx_word' id='word_1_339' title='bbox 1165 3410 1217 3466; x_wconf 88' lang='lat' dir='ltr'><strong>ego</strong></span> <span class='ocrx_word' id='word_1_340' title='bbox 1241 3394 1277 3449; x_wconf 86' lang='lat' dir='ltr'><strong>‘Si</strong></span> <span class='ocrx_word' id='word_1_341' title='bbox 1299 3393 1412 3450; x_wconf 91' lang='lat' dir='ltr'><strong>crimina</strong></span> <span class='ocrx_word' id='word_1_342' title='bbox 1433 3392 1499 3449; x_wconf 89' lang='lat' dir='ltr'><strong>licet</strong></span> <span class='ocrx_word' id='word_1_343' title='bbox 1525 3391 1593 3447; x_wconf 90' lang='lat' dir='ltr'><strong>libet</strong></span> <span class='ocrx_word' id='word_1_344' title='bbox 1616 3390 1794 3447; x_wconf 69' lang='lat' dir='ltr'><strong>detenderet·</strong></span> 
     </span>
     <span class='ocr_line' id='line_1_32' title="bbox 465 3475 1765 3552; baseline -0.002 -19"><span class='ocrx_word' id='word_1_345' title='bbox 465 3477 554 3533; x_wconf 88' lang='lat' dir='ltr'><strong>divina</strong></span> <span class='ocrx_word' id='word_1_346' title='bbox 576 3476 759 3551; x_wconf 88' lang='lat' dir='ltr'><strong>providentia,</strong></span> <span class='ocrx_word' id='word_1_347' title='bbox 783 3477 870 3534; x_wconf 90' lang='lat' dir='ltr'><strong>multo</strong></span> <span class='ocrx_word' id='word_1_348' title='bbox 893 3477 1013 3534; x_wconf 88' lang='lat' dir='ltr'><strong>sanetius</strong></span> <span class='ocrx_word' id='word_1_349' title='bbox 1036 3476 1100 3533; x_wconf 90' lang='lat' dir='ltr'><strong>licet</strong></span> <span class='ocrx_word' id='word_1_350' title='bbox 1121 3477 1215 3534; x_wconf 89' lang='lat' dir='ltr'><strong>eadem</strong></span> <span class='ocrx_word' id='word_1_351' title='bbox 1238 3479 1411 3552; x_wconf 88' lang='lat' dir='ltr'><strong>proscindere</strong></span> <span class='ocrx_word' id='word_1_352' title='bbox 1433 3477 1595 3534; x_wconf 86' lang='lat' dir='ltr'><strong>auctoritate</strong></span> <span class='ocrx_word' id='word_1_353' title='bbox 1611 3475 1765 3549; x_wconf 76' lang='lat' dir='ltr'><strong>scriptura,</strong></span> 
     </span>
     <span class='ocr_line' id='line_1_33' title="bbox 374 3559 1765 3636; baseline -0.001 -19"><span class='ocrx_word' id='word_1_354' title='bbox 374 3571 378 3580; x_wconf 77' lang='grc'><em>’</em></span> <span class='ocrx_word' id='word_1_355' title='bbox 466 3561 557 3635; x_wconf 86' lang='lat' dir='ltr'><strong>gladie</strong></span> <span class='ocrx_word' id='word_1_356' title='bbox 580 3561 709 3634; x_wconf 87' lang='lat' dir='ltr'><strong>spiritus,</strong></span> <span class='ocrx_word' id='word_1_357' title='bbox 740 3562 812 3634; x_wconf 88' lang='lat' dir='ltr'><strong>quod</strong></span> <span class='ocrx_word' id='word_1_358' title='bbox 835 3570 878 3617; x_wconf 87' lang='lat' dir='ltr'><strong>est</strong></span> <span class='ocrx_word' id='word_1_359' title='bbox 899 3561 1010 3617; x_wconf 82' lang='lat' dir='ltr'><strong>verbum</strong></span> <span class='ocrx_word' id='word_1_360' title='bbox 1033 3563 1090 3623; x_wconf 80' lang='lat' dir='ltr'><strong>dei:</strong></span> <span class='ocrx_word' id='word_1_361' title='bbox 1124 3564 1342 3636; x_wconf 85' lang='lat' dir='ltr'><strong>quandoquidem</strong></span> <span class='ocrx_word' id='word_1_362' title='bbox 1364 3563 1489 3619; x_wconf 90' lang='lat' dir='ltr'><strong>voluntas</strong></span> <span class='ocrx_word' id='word_1_363' title='bbox 1510 3561 1554 3618; x_wconf 90' lang='lat' dir='ltr'><strong>dei</strong></span> <span class='ocrx_word' id='word_1_364' title='bbox 1576 3577 1633 3616; x_wconf 93' lang='lat' dir='ltr'><strong>uon</strong></span> <span class='ocrx_word' id='word_1_365' title='bbox 1656 3559 1765 3616; x_wconf 85' lang='lat' dir='ltr'><strong>aliunde</strong></span> 
     </span>
     <span class='ocr_line' id='line_1_34' title="bbox 398 3644 1764 3721; baseline -0.002 -20"><span class='ocrx_word' id='word_1_366' title='bbox 398 3646 643 3719; x_wconf 75' lang='lat' dir='ltr'><strong>§.tecoguoscimr</strong></span> <span class='ocrx_word' id='word_1_367' title='bbox 666 3663 747 3719; x_wconf 88' lang='lat' dir='ltr'><strong>quam</strong></span> <span class='ocrx_word' id='word_1_368' title='bbox 769 3664 801 3702; x_wconf 79' lang='lat' dir='ltr'><strong>cn</strong></span> <span class='ocrx_word' id='word_1_369' title='bbox 822 3646 987 3703; x_wconf 87' lang='lat' dir='ltr'><strong>testimoniis</strong></span> <span class='ocrx_word' id='word_1_370' title='bbox 1010 3648 1153 3721; x_wconf 87' lang='lat' dir='ltr'><strong>scripturae</strong></span> <span class='ocrx_word' id='word_1_371' title='bbox 1176 3665 1330 3720; x_wconf 78' lang='lat' dir='ltr'><strong>progressae</strong></span> <span class='ocrx_word' id='word_1_372' title='bbox 1351 3666 1383 3704; x_wconf 76' lang='lat' dir='ltr'><strong>eu</strong></span> <span class='ocrx_word' id='word_1_373' title='bbox 1399 3665 1447 3703; x_wconf 94' lang='lat' dir='ltr'><strong>ore</strong></span> <span class='ocrx_word' id='word_1_374' title='bbox 1469 3645 1612 3702; x_wconf 90' lang='lat' dir='ltr'><strong>altissimi&#39;.</strong></span> <span class='ocrx_word' id='word_1_375' title='bbox 1646 3644 1711 3701; x_wconf 70' lang='lat' dir='ltr'><strong>Haec</strong></span> <span class='ocrx_word' id='word_1_376' title='bbox 1731 3660 1764 3699; x_wconf 90' lang='lat' dir='ltr'><strong>eo</strong></span> 
     </span>
     <span class='ocr_line' id='line_1_35' title="bbox 465 3728 1765 3805; baseline -0.002 -18"><span class='ocrx_word' id='word_1_377' title='bbox 465 3731 541 3792; x_wconf 86' lang='lat' dir='ltr'><strong>dico,</strong></span> <span class='ocrx_word' id='word_1_378' title='bbox 565 3730 692 3793; x_wconf 77' lang='lat' dir='ltr'><strong>blattine,</strong></span> <span class='ocrx_word' id='word_1_379' title='bbox 716 3740 746 3786; x_wconf 91' lang='lat' dir='ltr'><strong>ut</strong></span> <span class='ocrx_word' id='word_1_380' title='bbox 768 3731 905 3805; x_wconf 81' lang='lat' dir='ltr'><strong>intelligas</strong></span> <span class='ocrx_word' id='word_1_381' title='bbox 929 3749 1009 3804; x_wconf 90' lang='lat' dir='ltr'><strong>quam</strong></span> <span class='ocrx_word' id='word_1_382' title='bbox 1032 3749 1128 3805; x_wconf 89' lang='lat' dir='ltr'><strong>parum</strong></span> <span class='ocrx_word' id='word_1_383' title='bbox 1150 3730 1237 3788; x_wconf 88' lang='lat' dir='ltr'><strong>valeat</strong></span> <span class='ocrx_word' id='word_1_384' title='bbox 1258 3732 1369 3789; x_wconf 84' lang='lat' dir='ltr'><strong>llhomae</strong></span> <span class='ocrx_word' id='word_1_385' title='bbox 1391 3731 1414 3788; x_wconf 85' lang='lat' dir='ltr'><strong>si</strong></span> <span class='ocrx_word' id='word_1_386' title='bbox 1435 3732 1536 3788; x_wconf 81' lang='lat' dir='ltr'><strong>dixeris</strong></span> <span class='ocrx_word' id='word_1_387' title='bbox 1560 3728 1704 3785; x_wconf 85' lang='lat' dir='ltr'><strong>‘blirabilia</strong></span> <span class='ocrx_word' id='word_1_388' title='bbox 1727 3738 1765 3784; x_wconf 86' lang='lat' dir='ltr'><strong>te·</strong></span> 
     </span>
     <span class='ocr_line' id='line_1_36' title="bbox 465 3813 1795 3888; baseline -0.002 -17"><span class='ocrx_word' id='word_1_389' title='bbox 465 3815 593 3871; x_wconf 89' lang='lat' dir='ltr'><strong>stimonia</strong></span> <span class='ocrx_word' id='word_1_390' title='bbox 616 3824 676 3877; x_wconf 90' lang='lat' dir='ltr'><strong>tua,</strong></span> <span class='ocrx_word' id='word_1_391' title='bbox 706 3815 830 3878; x_wconf 90' lang='lat' dir='ltr'><strong>domiue,</strong></span> <span class='ocrx_word' id='word_1_392' title='bbox 860 3816 921 3871; x_wconf 94' lang='lat' dir='ltr'><strong>ideo</strong></span> <span class='ocrx_word' id='word_1_393' title='bbox 944 3825 1064 3873; x_wconf 90' lang='lat' dir='ltr'><strong>scrutata</strong></span> <span class='ocrx_word' id='word_1_394' title='bbox 1086 3825 1129 3873; x_wconf 93' lang='lat' dir='ltr'><strong>est</strong></span> <span class='ocrx_word' id='word_1_395' title='bbox 1151 3816 1239 3872; x_wconf 91' lang='lat' dir='ltr'><strong>anima</strong></span> <span class='ocrx_word' id='word_1_396' title='bbox 1262 3818 1341 3873; x_wconf 86' lang='lat' dir='ltr'><strong>mea&#39;:</strong></span> <span class='ocrx_word' id='word_1_397' title='bbox 1376 3835 1409 3872; x_wconf 89' lang='lat' dir='ltr'><strong>eo</strong></span> <span class='ocrx_word' id='word_1_398' title='bbox 1433 3816 1504 3873; x_wconf 89' lang='lat' dir='ltr'><strong>enim</strong></span> <span class='ocrx_word' id='word_1_399' title='bbox 1526 3813 1678 3888; x_wconf 88' lang='lat' dir='ltr'><strong>impietatis</strong></span> <span class='ocrx_word' id='word_1_400' title='bbox 1701 3818 1795 3888; x_wconf 78' lang='lat' dir='ltr'><strong>pro-³⁵</strong></span> 
     </span>
     <span class='ocr_line' id='line_1_37' title="bbox 465 3900 1764 3974; baseline -0.002 -20"><span class='ocrx_word' id='word_1_401' title='bbox 465 3918 590 3973; x_wconf 85' lang='lat' dir='ltr'><strong>gressum</strong></span> <span class='ocrx_word' id='word_1_402' title='bbox 612 3907 668 3961; x_wconf 89' lang='lat' dir='ltr'><strong>est,</strong></span> <span class='ocrx_word' id='word_1_403' title='bbox 691 3910 722 3956; x_wconf 93' lang='lat' dir='ltr'><strong>ut</strong></span> <span class='ocrx_word' id='word_1_404' title='bbox 745 3901 791 3974; x_wconf 86' lang='lat' dir='ltr'><strong>qui</strong></span> <span class='ocrx_word' id='word_1_405' title='bbox 813 3909 926 3957; x_wconf 81' lang='lat' dir='ltr'><strong>vocetur</strong></span> <span class='ocrx_word' id='word_1_406' title='bbox 947 3900 1036 3957; x_wconf 89' lang='lat' dir='ltr'><strong>bouus</strong></span> <span class='ocrx_word' id='word_1_407' title='bbox 1059 3900 1228 3956; x_wconf 87' lang='lat' dir='ltr'><strong>Christianus</strong></span> <span class='ocrx_word' id='word_1_408' title='bbox 1250 3901 1292 3957; x_wconf 87' lang='lat' dir='ltr'><strong>vel</strong></span> <span class='ocrx_word' id='word_1_409' title='bbox 1316 3901 1478 3974; x_wconf 86' lang='lat' dir='ltr'><strong>theologus,</strong></span> <span class='ocrx_word' id='word_1_410' title='bbox 1508 3900 1531 3956; x_wconf 92' lang='lat' dir='ltr'><strong>is</strong></span> <span class='ocrx_word' id='word_1_411' title='bbox 1553 3907 1679 3956; x_wconf 83' lang='lat' dir='ltr'><strong>extremo</strong></span> <span class='ocrx_word' id='word_1_412' title='bbox 1701 3915 1764 3955; x_wconf 91' lang='lat' dir='ltr'><strong>cou-</strong></span> 
     </span>
     <span class='ocr_line' id='line_1_38' title="bbox 466 3983 1764 4058; baseline -0.002 -19"><span class='ocrx_word' id='word_1_413' title='bbox 466 3992 572 4057; x_wconf 91' lang='lat' dir='ltr'><strong>temptu</strong></span> <span class='ocrx_word' id='word_1_414' title='bbox 594 3993 703 4058; x_wconf 87' lang='lat' dir='ltr'><strong>spretus</strong></span> <span class='ocrx_word' id='word_1_415' title='bbox 726 4003 785 4040; x_wconf 89' lang='lat' dir='ltr'><strong>esse</strong></span> <span class='ocrx_word' id='word_1_416' title='bbox 809 3985 943 4048; x_wconf 85' lang='lat' dir='ltr'><strong>videatur;</strong></span> <span class='ocrx_word' id='word_1_417' title='bbox 973 3985 1019 4058; x_wconf 87' lang='lat' dir='ltr'><strong>qui</strong></span> <span class='ocrx_word' id='word_1_418' title='bbox 1043 4003 1107 4041; x_wconf 92' lang='lat' dir='ltr'><strong>vero</strong></span> <span class='ocrx_word' id='word_1_419' title='bbox 1130 3984 1265 4041; x_wconf 85' lang='lat' dir='ltr'><strong>salutatur</strong></span> <span class='ocrx_word' id='word_1_420' title='bbox 1287 3987 1309 4041; x_wconf 77' lang='lat' dir='ltr'><strong>b</strong></span> <span class='ocrx_word' id='word_1_421' title='bbox 1330 3985 1455 4043; x_wconf 84' lang='lat' dir='ltr'><strong>cubiculo</strong></span> <span class='ocrx_word' id='word_1_422' title='bbox 1478 3984 1519 4040; x_wconf 90' lang='lat' dir='ltr'><strong>vel</strong></span> <span class='ocrx_word' id='word_1_423' title='bbox 1540 3983 1564 4039; x_wconf 75' lang='lat' dir='ltr'><strong>&#39;A</strong></span> <span class='ocrx_word' id='word_1_424' title='bbox 1586 3999 1681 4039; x_wconf 85' lang='lat' dir='ltr'><strong>mensa</strong></span> <span class='ocrx_word' id='word_1_425' title='bbox 1695 3984 1764 4039; x_wconf 88' lang='lat' dir='ltr'><strong>Pon·</strong></span> 
     </span>
     <span class='ocr_line' id='line_1_39' title="bbox 466 4067 1766 4144; baseline 0 -22"><span class='ocrx_word' id='word_1_426' title='bbox 466 4067 560 4130; x_wconf 90' lang='lat' dir='ltr'><strong>tilleis,</strong></span> <span class='ocrx_word' id='word_1_427' title='bbox 584 4067 654 4123; x_wconf 90' lang='lat' dir='ltr'><strong>idem</strong></span> <span class='ocrx_word' id='word_1_428' title='bbox 676 4068 791 4125; x_wconf 90' lang='lat' dir='ltr'><strong>habetur</strong></span> <span class='ocrx_word' id='word_1_429' title='bbox 813 4069 921 4142; x_wconf 74' lang='lat' dir='ltr'><strong>gallinae</strong></span> <span class='ocrx_word' id='word_1_430' title='bbox 943 4069 1014 4126; x_wconf 86' lang='lat' dir='ltr'><strong>hlius</strong></span> <span class='ocrx_word' id='word_1_431' title='bbox 1037 4070 1119 4133; x_wconf 72' lang='lat' dir='ltr'><strong>albae,</strong></span> <span class='ocrx_word' id='word_1_432' title='bbox 1148 4079 1178 4126; x_wconf 93' lang='lat' dir='ltr'><strong>ut</strong></span> <span class='ocrx_word' id='word_1_433' title='bbox 1192 4070 1318 4126; x_wconf 83' lang='lat' dir='ltr'><strong>Poulilen</strong></span> <span class='ocrx_word' id='word_1_434' title='bbox 1341 4071 1369 4126; x_wconf 94' lang='lat' dir='ltr'><strong>in</strong></span> <span class='ocrx_word' id='word_1_435' title='bbox 1390 4070 1524 4144; x_wconf 89' lang='lat' dir='ltr'><strong>dignitate</strong></span> <span class='ocrx_word' id='word_1_436' title='bbox 1539 4067 1658 4143; x_wconf 88' lang='lat' dir='ltr'><strong>primum</strong></span> <span class='ocrx_word' id='word_1_437' title='bbox 1675 4075 1766 4124; x_wconf 86' lang='lat' dir='ltr'><strong>teneat</strong></span> 
     </span>
    </p>
   </div>
   <div class='ocr_carea' id='block_1_3' title="bbox 465 4230 1764 4553">
    <p class='ocr_par' dir='ltr' id='par_1_3' title="bbox 465 4230 1764 4553">
     <span class='ocr_line' id='line_1_40' title="bbox 516 4230 1763 4304; baseline 0 -24"><span class='ocrx_word' id='word_1_438' title='bbox 516 4230 649 4296; x_wconf 77' lang='lat' dir='ltr'><strong>³cepitis</strong></span> <span class='ocrx_word' id='word_1_439' title='bbox 662 4233 688 4281; x_wconf 83' lang='lat'><strong>2.</strong></span> <span class='ocrx_word' id='word_1_440' title='bbox 723 4230 880 4299; x_wconf 64' lang='lat' dir='ltr'><strong>loceupat.</strong></span> <span class='ocrx_word' id='word_1_441' title='bbox 895 4238 920 4283; x_wconf 91' lang='grc'><strong><em>2.</em></strong></span> <span class='ocrx_word' id='word_1_442' title='bbox 956 4233 1112 4285; x_wconf 71' lang='lat' dir='ltr'><strong>⁶dicebant</strong></span> <span class='ocrx_word' id='word_1_443' title='bbox 1124 4236 1150 4283; x_wconf 84' lang='lat'><strong>2.</strong></span> <span class='ocrx_word' id='word_1_444' title='bbox 1186 4232 1390 4299; x_wconf 68' lang='lat' dir='ltr'><strong>”siclhiecod</strong></span> <span class='ocrx_word' id='word_1_445' title='bbox 1427 4233 1449 4268; x_wconf 83' lang='lat'><strong>¹⁰</strong></span> <span class='ocrx_word' id='word_1_446' title='bbox 1460 4231 1583 4304; x_wconf 77' lang='grc' dir='ltr'><strong><em>Χριστοῦ</em></strong></span> <span class='ocrx_word' id='word_1_447' title='bbox 1596 4235 1623 4283; x_wconf 88' lang='grc'><strong><em>2.</em></strong></span> <span class='ocrx_word' id='word_1_448' title='bbox 1661 4231 1682 4265; x_wconf 90' lang='lat'><strong>¹¹</strong></span> <span class='ocrx_word' id='word_1_449' title='bbox 1695 4248 1763 4298; x_wconf 85' lang='lat' dir='ltr'><strong>prae·</strong></span> 
     </span>
     <span class='ocr_line' id='line_1_41' title="bbox 467 4306 1763 4385; baseline -0.001 -18"><span class='ocrx_word' id='word_1_450' title='bbox 467 4314 538 4383; x_wconf 90' lang='lat' dir='ltr'><strong>cep.]</strong></span> <span class='ocrx_word' id='word_1_451' title='bbox 552 4316 831 4381; x_wconf 83' lang='lat' dir='ltr'><strong>Evaug.see.Metth.</strong></span> <span class='ocrx_word' id='word_1_452' title='bbox 844 4318 876 4367; x_wconf 90' lang='lat' dir='ltr'><strong>V.</strong></span> <span class='ocrx_word' id='word_1_453' title='bbox 883 4318 925 4369; x_wconf 82' lang='lat'><strong>37.</strong></span> <span class='ocrx_word' id='word_1_454' title='bbox 938 4320 1069 4384; x_wconf 79' lang='lat' dir='ltr'><strong>praecipit</strong></span> <span class='ocrx_word' id='word_1_455' title='bbox 1081 4317 1126 4369; x_wconf 86' lang='lat' dir='ltr'><strong>Sic</strong></span> <span class='ocrx_word' id='word_1_456' title='bbox 1139 4318 1233 4370; x_wconf 82' lang='lat' dir='ltr'><strong>Sermo</strong></span> <span class='ocrx_word' id='word_1_457' title='bbox 1244 4322 1271 4369; x_wconf 85' lang='lat'><strong>2.</strong></span> <span class='ocrx_word' id='word_1_458' title='bbox 1312 4316 1375 4385; x_wconf 83' lang='lat' dir='ltr'><strong>que]</strong></span> <span class='ocrx_word' id='word_1_459' title='bbox 1390 4319 1455 4384; x_wconf 88' lang='lat' dir='ltr'><strong>quin</strong></span> <span class='ocrx_word' id='word_1_460' title='bbox 1468 4321 1494 4368; x_wconf 83' lang='lat'><strong>2.</strong></span> <span class='ocrx_word' id='word_1_461' title='bbox 1509 4306 1516 4317; x_wconf 81' lang='grc'><strong>’</strong></span> <span class='ocrx_word' id='word_1_462' title='bbox 1530 4316 1552 4350; x_wconf 87' lang='lat'><strong>¹²</strong></span> <span class='ocrx_word' id='word_1_463' title='bbox 1569 4318 1728 4383; x_wconf 75' lang='lat' dir='ltr'><strong>disputares</strong></span> <span class='ocrx_word' id='word_1_464' title='bbox 1738 4320 1763 4365; x_wconf 85' lang='lat'><strong>2.</strong></span> 
     </span>
     <span class='ocr_line' id='line_1_42' title="bbox 465 4399 1764 4467; baseline -0.002 -14"><span class='ocrx_word' id='word_1_465' title='bbox 465 4406 492 4453; x_wconf 83' lang='lat' dir='ltr'><strong>tn</strong></span> <span class='ocrx_word' id='word_1_466' title='bbox 510 4402 567 4453; x_wconf 83' lang='lat' dir='ltr'><strong>cod.</strong></span> <span class='ocrx_word' id='word_1_467' title='bbox 581 4406 610 4451; x_wconf 89' lang='lat' dir='ltr'><strong>to</strong></span> <span class='ocrx_word' id='word_1_468' title='bbox 627 4404 828 4467; x_wconf 69' lang='lat' dir='ltr'><strong>supraseeptmn</strong></span> <span class='ocrx_word' id='word_1_469' title='bbox 846 4410 894 4453; x_wconf 86' lang='lat' dir='ltr'><strong>est.</strong></span> <span class='ocrx_word' id='word_1_470' title='bbox 964 4403 1085 4453; x_wconf 83' lang='lat' dir='ltr'><strong>decretis</strong></span> <span class='ocrx_word' id='word_1_471' title='bbox 1104 4402 1228 4467; x_wconf 84' lang='lat' dir='ltr'><strong>Syrenaei</strong></span> <span class='ocrx_word' id='word_1_472' title='bbox 1246 4407 1315 4455; x_wconf 90' lang='lat' dir='ltr'><strong>mori</strong></span> <span class='ocrx_word' id='word_1_473' title='bbox 1327 4406 1353 4453; x_wconf 84' lang='lat'><strong>2.</strong></span> <span class='ocrx_word' id='word_1_474' title='bbox 1423 4399 1445 4434; x_wconf 75' lang='lat'><strong>¹⁴</strong></span> <span class='ocrx_word' id='word_1_475' title='bbox 1462 4400 1586 4467; x_wconf 78' lang='grc' dir='ltr'><strong><em>Χριστοῦ</em></strong></span> <span class='ocrx_word' id='word_1_476' title='bbox 1598 4406 1625 4453; x_wconf 90' lang='grc'><strong>2.</strong></span> <span class='ocrx_word' id='word_1_477' title='bbox 1697 4399 1719 4435; x_wconf 78' lang='lat'><strong>¹⁵</strong></span> <span class='ocrx_word' id='word_1_478' title='bbox 1736 4403 1764 4451; x_wconf 90' lang='lat' dir='ltr'><strong>in</strong></span> 
     </span>
     <span class='ocr_line' id='line_1_43' title="bbox 467 4481 1762 4553; baseline -0.001 -16"><span class='ocrx_word' id='word_1_479' title='bbox 467 4486 553 4537; x_wconf 82' lang='lat' dir='ltr'><strong>aliem</strong></span> <span class='ocrx_word' id='word_1_480' title='bbox 573 4481 642 4536; x_wconf 78' lang='lat' dir='ltr'><strong>seim</strong></span> <span class='ocrx_word' id='word_1_481' title='bbox 661 4488 777 4538; x_wconf 81' lang='lat' dir='ltr'><strong>formam</strong></span> <span class='ocrx_word' id='word_1_482' title='bbox 794 4488 851 4538; x_wconf 84' lang='lat' dir='ltr'><strong>eod.</strong></span> <span class='ocrx_word' id='word_1_483' title='bbox 893 4490 922 4537; x_wconf 91' lang='lat' dir='ltr'><strong>in</strong></span> <span class='ocrx_word' id='word_1_484' title='bbox 941 4488 1135 4538; x_wconf 81' lang='lat' dir='ltr'><strong>autoritatem:</strong></span> <span class='ocrx_word' id='word_1_485' title='bbox 1158 4488 1254 4553; x_wconf 87' lang='lat' dir='ltr'><strong>Neque</strong></span> <span class='ocrx_word' id='word_1_486' title='bbox 1273 4490 1302 4538; x_wconf 88' lang='lat' dir='ltr'><strong>iu</strong></span> <span class='ocrx_word' id='word_1_487' title='bbox 1321 4489 1406 4540; x_wconf 79' lang='lat' dir='ltr'><strong>eliam</strong></span> <span class='ocrx_word' id='word_1_488' title='bbox 1424 4487 1552 4549; x_wconf 78' lang='lat' dir='ltr'><strong>formem,</strong></span> <span class='ocrx_word' id='word_1_489' title='bbox 1572 4488 1692 4538; x_wconf 78' lang='lat' dir='ltr'><strong>formam</strong></span> <span class='ocrx_word' id='word_1_490' title='bbox 1709 4487 1762 4548; x_wconf 85' lang='lat' dir='ltr'><strong>sui,</strong></span> 
     </span>
    </p>
   </div>
   <div class='ocr_carea' id='block_1_4' title="bbox 359 4568 1766 5145">
    <p class='ocr_par' dir='ltr' id='par_1_4' title="bbox 359 4568 1766 5145">
     <span class='ocr_line' id='line_1_44' title="bbox 466 4568 1766 4637; baseline -0.002 -15"><span class='ocrx_word' id='word_1_491' title='bbox 466 4571 558 4634; x_wconf 86' lang='lat' dir='ltr'><strong>illiue,</strong></span> <span class='ocrx_word' id='word_1_492' title='bbox 579 4572 625 4636; x_wconf 88' lang='lat' dir='ltr'><strong>qui</strong></span> <span class='ocrx_word' id='word_1_493' title='bbox 637 4574 664 4621; x_wconf 86' lang='lat'><strong>2.</strong></span> <span class='ocrx_word' id='word_1_494' title='bbox 711 4570 800 4622; x_wconf 71' lang='lat' dir='ltr'><strong>¹⁸Pro</strong></span> <span class='ocrx_word' id='word_1_495' title='bbox 818 4573 867 4623; x_wconf 87' lang='lat' dir='ltr'><strong>sed</strong></span> <span class='ocrx_word' id='word_1_496' title='bbox 884 4576 1032 4637; x_wconf 70' lang='lat' dir='ltr'><strong>smtpeertm</strong></span> <span class='ocrx_word' id='word_1_497' title='bbox 1050 4572 1160 4622; x_wconf 86' lang='lat' dir='ltr'><strong>seilicet</strong></span> <span class='ocrx_word' id='word_1_498' title='bbox 1203 4568 1225 4602; x_wconf 77' lang='lat'><strong>¹⁸</strong></span> <span class='ocrx_word' id='word_1_499' title='bbox 1242 4573 1297 4622; x_wconf 85' lang='lat' dir='ltr'><strong>sibi</strong></span> <span class='ocrx_word' id='word_1_500' title='bbox 1309 4575 1380 4623; x_wconf 72' lang='lat' dir='ltr'><strong>emh.</strong></span> <span class='ocrx_word' id='word_1_501' title='bbox 1393 4574 1420 4621; x_wconf 86' lang='lat'><strong>2.</strong></span> <span class='ocrx_word' id='word_1_502' title='bbox 1467 4571 1488 4604; x_wconf 61' lang='lat'><strong>¹?</strong></span> <span class='ocrx_word' id='word_1_503' title='bbox 1507 4573 1596 4622; x_wconf 79' lang='lat' dir='ltr'><strong>forme</strong></span> <span class='ocrx_word' id='word_1_504' title='bbox 1615 4571 1766 4623; x_wconf 85' lang='lat' dir='ltr'><strong>eommunis</strong></span> 
     </span>
     <span class='ocr_line' id='line_1_45' title="bbox 359 4639 1764 4727; baseline -0.003 -19"><span class='ocrx_word' id='word_1_505' title='bbox 359 4678 364 4688; x_wconf 77' lang='lat'><strong><em>¹</em></strong></span> <span class='ocrx_word' id='word_1_506' title='bbox 466 4657 730 4727; x_wconf 74' lang='lat' dir='ltr'><strong>voxservi.Y012.</strong></span> <span class='ocrx_word' id='word_1_507' title='bbox 784 4654 806 4689; x_wconf 81' lang='lat'><strong>¹⁸</strong></span> <span class='ocrx_word' id='word_1_508' title='bbox 824 4656 1052 4708; x_wconf 76' lang='lat' dir='ltr'><strong>christianismus</strong></span> <span class='ocrx_word' id='word_1_509' title='bbox 1066 4662 1091 4707; x_wconf 89' lang='lat'><strong>2.</strong></span> <span class='ocrx_word' id='word_1_510' title='bbox 1145 4639 1369 4709; x_wconf 52' lang='lat' dir='ltr'><strong>Chrisrtiuisseod.</strong></span> <span class='ocrx_word' id='word_1_511' title='bbox 1427 4654 1450 4689; x_wconf 77' lang='lat'><strong>²⁰</strong></span> <span class='ocrx_word' id='word_1_512' title='bbox 1467 4658 1522 4707; x_wconf 91' lang='lat' dir='ltr'><strong>imo</strong></span> <span class='ocrx_word' id='word_1_513' title='bbox 1541 4657 1658 4719; x_wconf 87' lang='lat' dir='ltr'><strong>eie.P.‚</strong></span> <span class='ocrx_word' id='word_1_514' title='bbox 1679 4658 1705 4705; x_wconf 84' lang='lat' dir='ltr'><strong>si</strong></span> <span class='ocrx_word' id='word_1_515' title='bbox 1724 4660 1764 4704; x_wconf 85' lang='lat' dir='ltr'><strong>te·</strong></span> 
     </span>
     <span class='ocr_line' id='line_1_46' title="bbox 466 4739 1765 4808; baseline -0.001 -19"><span class='ocrx_word' id='word_1_516' title='bbox 466 4744 524 4789; x_wconf 78' lang='lat' dir='ltr'><strong>tam</strong></span> <span class='ocrx_word' id='word_1_517' title='bbox 537 4742 562 4788; x_wconf 87' lang='grc'><strong>2.</strong></span> <span class='ocrx_word' id='word_1_518' title='bbox 616 4739 741 4805; x_wconf 77' lang='grc' dir='ltr'><strong><em>Χριστοῦ</em></strong></span> <span class='ocrx_word' id='word_1_519' title='bbox 752 4742 778 4790; x_wconf 86' lang='grc'><strong><em>2.</em></strong></span> <span class='ocrx_word' id='word_1_520' title='bbox 837 4739 858 4774; x_wconf 76' lang='lat'><strong>²¹</strong></span> <span class='ocrx_word' id='word_1_521' title='bbox 877 4739 997 4807; x_wconf 84' lang='lat' dir='ltr'><strong>quidem]</strong></span> <span class='ocrx_word' id='word_1_522' title='bbox 1018 4748 1088 4808; x_wconf 70' lang='lat' dir='ltr'><strong>qunti</strong></span> <span class='ocrx_word' id='word_1_523' title='bbox 1110 4743 1167 4792; x_wconf 86' lang='lat' dir='ltr'><strong>cod.</strong></span> <span class='ocrx_word' id='word_1_524' title='bbox 1188 4743 1285 4807; x_wconf 67' lang='lat' dir='ltr'><strong>colodi</strong></span> <span class='ocrx_word' id='word_1_525' title='bbox 1302 4758 1355 4793; x_wconf 83' lang='lat' dir='ltr'><strong>rec.</strong></span> <span class='ocrx_word' id='word_1_526' title='bbox 1369 4758 1434 4795; x_wconf 85' lang='lat' dir='ltr'><strong>man.</strong></span> <span class='ocrx_word' id='word_1_527' title='bbox 1447 4745 1472 4792; x_wconf 81' lang='lat' dir='ltr'><strong>in</strong></span> <span class='ocrx_word' id='word_1_528' title='bbox 1485 4757 1565 4805; x_wconf 78' lang='lat' dir='ltr'><strong>marg.</strong></span> <span class='ocrx_word' id='word_1_529' title='bbox 1620 4742 1694 4791; x_wconf 90' lang='lat' dir='ltr'><strong>enim</strong></span> <span class='ocrx_word' id='word_1_530' title='bbox 1708 4739 1765 4806; x_wconf 87' lang='lat' dir='ltr'><strong>qui·</strong></span> 
     </span>
     <span class='ocr_line' id='line_1_47' title="bbox 468 4823 1764 4892; baseline 0.001 -19"><span class='ocrx_word' id='word_1_531' title='bbox 468 4824 531 4874; x_wconf 85' lang='lat' dir='ltr'><strong>dam</strong></span> <span class='ocrx_word' id='word_1_532' title='bbox 543 4824 562 4874; x_wconf 89' lang='lat' dir='ltr'><strong>i.</strong></span> <span class='ocrx_word' id='word_1_533' title='bbox 577 4840 601 4874; x_wconf 91' lang='lat' dir='ltr'><strong>e.</strong></span> <span class='ocrx_word' id='word_1_534' title='bbox 614 4840 665 4875; x_wconf 84' lang='lat' dir='ltr'><strong>usu</strong></span> <span class='ocrx_word' id='word_1_535' title='bbox 677 4826 732 4875; x_wconf 89' lang='lat' dir='ltr'><strong>loci</strong></span> <span class='ocrx_word' id='word_1_536' title='bbox 746 4825 889 4877; x_wconf 81' lang='lat' dir='ltr'><strong>cuiusdam</strong></span> <span class='ocrx_word' id='word_1_537' title='bbox 901 4828 927 4876; x_wconf 85' lang='lat'><strong>2.</strong></span> <span class='ocrx_word' id='word_1_538' title='bbox 979 4824 1150 4878; x_wconf 70' lang='lat' dir='ltr'><strong>¹³obdurare</strong></span> <span class='ocrx_word' id='word_1_539' title='bbox 1163 4830 1189 4877; x_wconf 87' lang='lat'><strong>2.</strong></span> <span class='ocrx_word' id='word_1_540' title='bbox 1244 4825 1267 4858; x_wconf 73' lang='lat'><strong>²⁵</strong></span> <span class='ocrx_word' id='word_1_541' title='bbox 1284 4824 1396 4892; x_wconf 85' lang='lat' dir='ltr'><strong>ducent]</strong></span> <span class='ocrx_word' id='word_1_542' title='bbox 1417 4832 1514 4876; x_wconf 88' lang='lat' dir='ltr'><strong>curent</strong></span> <span class='ocrx_word' id='word_1_543' title='bbox 1525 4828 1552 4875; x_wconf 89' lang='grc'><strong><em>2.</em></strong></span> <span class='ocrx_word' id='word_1_544' title='bbox 1604 4823 1627 4857; x_wconf 78' lang='lat'><strong>¹⁸</strong></span> <span class='ocrx_word' id='word_1_545' title='bbox 1645 4826 1764 4891; x_wconf 68' lang='lat' dir='ltr'><strong>gestiet.</strong></span> 
     </span>
     <span class='ocr_line' id='line_1_48' title="bbox 467 4904 1764 4977; baseline 0.001 -19"><span class='ocrx_word' id='word_1_546' title='bbox 467 4904 490 4938; x_wconf 68' lang='lat'><strong>²⁹</strong></span> <span class='ocrx_word' id='word_1_547' title='bbox 507 4906 697 4974; x_wconf 88' lang='lat' dir='ltr'><strong>polluerentur</strong></span> <span class='ocrx_word' id='word_1_548' title='bbox 708 4914 734 4961; x_wconf 88' lang='grc'><strong><em>2.</em></strong></span> <span class='ocrx_word' id='word_1_549' title='bbox 770 4908 790 4943; x_wconf 80' lang='lat'><strong>⁸¹</strong></span> <span class='ocrx_word' id='word_1_550' title='bbox 809 4909 877 4961; x_wconf 90' lang='lat' dir='ltr'><strong>lieet</strong></span> <span class='ocrx_word' id='word_1_551' title='bbox 889 4914 916 4961; x_wconf 85' lang='lat'><strong>2.</strong></span> <span class='ocrx_word' id='word_1_552' title='bbox 957 4908 980 4942; x_wconf 78' lang='lat'><strong>⁸³</strong></span> <span class='ocrx_word' id='word_1_553' title='bbox 998 4909 1040 4976; x_wconf 90' lang='lat' dir='ltr'><strong>eo]</strong></span> <span class='ocrx_word' id='word_1_554' title='bbox 1062 4928 1113 4977; x_wconf 80' lang='lat' dir='ltr'><strong>ego</strong></span> <span class='ocrx_word' id='word_1_555' title='bbox 1125 4913 1151 4959; x_wconf 91' lang='grc'><strong><em>2.</em></strong></span> <span class='ocrx_word' id='word_1_556' title='bbox 1192 4907 1261 4975; x_wconf 73' lang='lat' dir='ltr'><strong>⁸⁴ei]</strong></span> <span class='ocrx_word' id='word_1_557' title='bbox 1275 4918 1313 4961; x_wconf 85' lang='lat' dir='ltr'><strong>tta</strong></span> <span class='ocrx_word' id='word_1_558' title='bbox 1324 4914 1441 4961; x_wconf 72' lang='lat' dir='ltr'><strong>comae</strong></span> <span class='ocrx_word' id='word_1_559' title='bbox 1450 4927 1531 4977; x_wconf 80' lang='lat' dir='ltr'><strong>marg.</strong></span> <span class='ocrx_word' id='word_1_560' title='bbox 1544 4909 1601 4960; x_wconf 81' lang='lat' dir='ltr'><strong>cod.</strong></span> <span class='ocrx_word' id='word_1_561' title='bbox 1616 4924 1681 4960; x_wconf 89' lang='lat' dir='ltr'><strong>cum</strong></span> <span class='ocrx_word' id='word_1_562' title='bbox 1693 4911 1727 4961; x_wconf 81' lang='lat' dir='ltr'><strong>In</strong></span> <span class='ocrx_word' id='word_1_563' title='bbox 1738 4913 1764 4959; x_wconf 82' lang='lat'><strong>2.</strong></span> 
     </span>
     <span class='ocr_line' id='line_1_49' title="bbox 468 4990 1764 5061; baseline 0.005 -21"><span class='ocrx_word' id='word_1_564' title='bbox 468 4990 542 5041; x_wconf 80' lang='lat' dir='ltr'><strong>est&amp;</strong></span> <span class='ocrx_word' id='word_1_565' title='bbox 586 4992 739 5059; x_wconf 82' lang='lat' dir='ltr'><strong>Mirabilial</strong></span> <span class='ocrx_word' id='word_1_566' title='bbox 753 4994 1052 5046; x_wconf 66' lang='lat' dir='ltr'><strong>Psalmcxvlntett.</strong></span> <span class='ocrx_word' id='word_1_567' title='bbox 1099 4994 1158 5028; x_wconf 61' lang='lat' dir='ltr'><strong>Ml</strong></span> <span class='ocrx_word' id='word_1_568' title='bbox 1175 5010 1336 5061; x_wconf 82' lang='lat' dir='ltr'><strong>progressus</strong></span> <span class='ocrx_word' id='word_1_569' title='bbox 1355 4997 1381 5044; x_wconf 83' lang='lat'><strong>2.</strong></span> <span class='ocrx_word' id='word_1_570' title='bbox 1429 4993 1451 5027; x_wconf 59' lang='lat'><strong>⁸?</strong></span> <span class='ocrx_word' id='word_1_571' title='bbox 1469 4995 1598 5047; x_wconf 86' lang='lat' dir='ltr'><strong>videntur</strong></span> <span class='ocrx_word' id='word_1_572' title='bbox 1616 4998 1641 5047; x_wconf 87' lang='lat'><strong>2.</strong></span> <span class='ocrx_word' id='word_1_573' title='bbox 1686 4994 1764 5048; x_wconf 71' lang='lat' dir='ltr'><strong>dcu-</strong></span> 
     </span>
     <span class='ocr_line' id='line_1_50' title="bbox 469 5074 1282 5145; baseline 0.01 -23"><span class='ocrx_word' id='word_1_574' title='bbox 469 5074 561 5125; x_wconf 88' lang='lat' dir='ltr'><strong>biculo</strong></span> <span class='ocrx_word' id='word_1_575' title='bbox 574 5076 601 5125; x_wconf 88' lang='grc'><strong><em>2.</em></strong></span> <span class='ocrx_word' id='word_1_576' title='bbox 658 5076 680 5110; x_wconf 78' lang='lat'><strong>³⁸</strong></span> <span class='ocrx_word' id='word_1_577' title='bbox 698 5078 811 5143; x_wconf 76' lang='lat' dir='ltr'><strong>gellium</strong></span> <span class='ocrx_word' id='word_1_578' title='bbox 835 5077 895 5145; x_wconf 79' lang='lat' dir='ltr'><strong>ete]</strong></span> <span class='ocrx_word' id='word_1_579' title='bbox 919 5080 1045 5131; x_wconf 79' lang='lat' dir='ltr'><strong>Iuvenal.</strong></span> <span class='ocrx_word' id='word_1_580' title='bbox 1065 5086 1118 5131; x_wconf 84' lang='lat' dir='ltr'><strong>eet.</strong></span> <span class='ocrx_word' id='word_1_581' title='bbox 1132 5079 1209 5131; x_wconf 89' lang='lat' dir='ltr'>XIII.</span> <span class='ocrx_word' id='word_1_582' title='bbox 1224 5076 1282 5131; x_wconf 78' lang='lat'>141.</span> 
     </span>
    </p>
   </div>
   <div class='ocr_carea' id='block_1_5' title="bbox 0 0 2059 6209">
    <p class='ocr_par' dir='ltr' id='par_1_5' title="bbox 0 0 2059 6209">
     <span class='ocr_line' id='line_1_51' title="bbox 0 0 2059 6209; baseline 0 0"><span class='ocrx_word' id='word_1_583' title='bbox 0 0 2059 6209; x_wconf 95' lang='lat' dir='ltr'><strong> </strong></span> 
     </span>
    </p>
   </div>
  </div>
 </body>
</html>
