4067 6209
633 755 734 807 xxvi
759 768 882 807 ιππιι
895 770 932 805 ab
945 769 1038 804 ineos.
1049 769 1138 806 avens
1152 771 1194 805 er.
1209 770 1235 804 υ.
1249 762 1283 803 tt.
1294 769 1352 805 ivs.
1367 763 1426 804 tata.
1632 740 1681 810 45
1724 817 1730 826 .

375 929 526 996 stitiosos,
560 926 670 987 innoc
697 926 831 1005 pronipit
860 924 972 990 statim.
1007 935 1104 1004 ‘quiam
1134 923 1242 985 bellum
1274 923 1344 985 mibi
1373 924 1493 985 Crotimi
1522 923 1683 1001 praedicas!

378 1029 502 1089 Fratroe
533 1027 742 1107 predicatores
764 1035 793 1088 et
814 1026 1003 1104 theologistas
1022 1024 1210 1086 colonienses
1232 1026 1383 1105 pediculos
1405 1027 1561 1105 sapnionis
1582 1025 1753 1104 appel-§.⁴⁹-

378 1129 467 1190 tabat.
517 1128 613 1189 Porro
635 1130 805 1190 laeetianmt
828 1136 913 1187 autor
934 1146 993 1186 ncin
1017 1130 1133 1205 ineptus
1161 1126 1204 1187 cel
1233 1147 1268 1187 ex
1298 1136 1430 1206 tempore
1460 1129 1521 1189 terit.
1566 1127 1682 1188 cuidam
1692 1136 1750 1188 §.⁵⁰-

379 1232 522 1292 merenti
550 1229 606 1291 sibi
635 1229 778 1291 trivialem
805 1229 945 1289 adversus
973 1227 1118 1290 calculum
1149 1228 1300 1289 eitiusdam
1329 1231 1481 1292 medicina
1510 1229 1681 1309 synthesim,

361 1332 545 1395 imbridens
568 1332 601 1392 ‘A
623 1331 704 1393 coco’
732 1332 772 1391 ait
797 1340 873 1391 ‘meo
895 1332 977 1409 prim
999 1329 1104 1390 didici'.
1148 1330 1221 1391 Cum
1243 1332 1392 1392 diceretur
1419 1331 1537 1409 quidam
1566 1330 1751 1409 elegati-rm.

381 1435 498 1495 tissime
513 1434 667 1512 scripsisse
681 1431 793 1498 bellum
804 1430 956 1500 l'enetuni,
974 1447 1071 1510 ‘quani
1087 1429 1222 1501 mallem',
1238 1433 1340 1511 inquit,
1357 1432 1532 1493 ‘felicissime
1547 1434 1681 1512 gestum'.
1703 1499 1705 1504 ⁴

383 1534 516 1596 lactabat
536 1534 612 1596 alius
633 1534 713 1612 quod
735 1535 765 1593 in
787 1553 839 1595 ore
861 1532 988 1594 liabcbat
1009 1532 1128 1602 vulnus,
1159 1533 1215 1593 boc.
1237 1533 1371 1594 dictitans
1398 1525 1443 1594 “ln
1471 1534 1576 1594 faciem
1605 1534 1752 1600 nostiam.

383 1636 519 1706 stabam',
543 1636 697 1714 respondit
717 1636 780 1713 ipse
802 1635 849 1694 ‘Et
861 1634 918 1702 ille,
943 1641 975 1694 nt
989 1634 1081 1702 rideo,
1104 1634 1175 1694 tilii'.
1213 1634 1456 1696 contrectantibus
1471 1636 1546 1696 inter
1562 1654 1594 1696 se
1609 1635 1752 1703 duo-§.aa

384 1736 441 1798 bus
463 1736 712 1798 versificatorilms
734 1755 801 1797 cum
823 1734 896 1797 alter
918 1735 1052 1804 dixisset,
1076 1734 1231 1814 aliquando
1254 1735 1358 1797 melius
1381 1755 1499 1797 carmen
1522 1738 1683 1798 soniiiiasse

347 1863 371 1903 n
385 1857 433 1908 se,
463 1857 553 1918 quam
576 1838 656 1918 qiiod
678 1837 862 1898 adversarias
883 1837 1066 1906 ostenderet,
1095 1837 1191 1897 intulit
1213 1837 1335 1898 ‘Crebro
1357 1839 1454 1917 itaque
1481 1837 1595 1897 dornii'.
1640 1837 1751 1907 Exest.

388 1939 579 2001 electioribus
598 1940 751 2001 sententiis
773 1939 826 1999 lias
855 1939 1025 2017 [requenter
1052 1938 1176 2000 babebat
1206 1941 1236 1999 in
1264 1958 1332 2009 ore,
1366 1938 1536 2018 ‘Explorant
1563 1939 1683 1999 adversa

386 2042 475 2103 viros·
498 2049 529 2104 et
550 2041 699 2102 ‘Perducit
726 2042 761 2101 ad
789 2040 881 2101 ardua
908 2040 1017 2100 virtus'.
1062 2040 1183 2101 Dicebat
1211 2042 1296 2101 etiam
1325 2041 1510 2119 lreqcienter,
1543 2042 1684 2118 temporis

387 2152 512 2214 satum,
547 2141 725 2221 posteritatis
747 2143 853 2203 lamam
883 2142 1009 2220 spectari
1040 2143 1204 2203 convenire.
1259 2141 1446 2220 Arguebatur
1474 2150 1507 2202 nt
1532 2143 1582 2220 qui
1608 2156 1752 2220 prae-tu,

388 2245 518 2306 lecturas
539 2243 675 2322 cupidius
696 2252 811 2322 ageret;
844 2245 907 2322 ipse
928 2244 969 2303 sic
990 2243 1253 2320 interpretabatur,
1289 2243 1345 2303 boc
1366 2262 1399 2303 se
1421 2262 1569 2322 quaerere,
1604 2244 1684 2322 qnod

356 2347 417 2409 isin
446 2346 554 2424 dignos
575 2352 675 2423 postea
698 2346 854 2406 conferret.
905 2344 961 2404 Otii
989 2346 1034 2405 sui
1062 2346 1162 2405 sedem
1184 2344 1365 2423 bloguntium
1392 2344 1554 2424 delegerat,
1587 2345 1753 2424 iniquom.

387 2447 520 2508 studium
543 2446 708 2515 literarum,
731 2445 817 2525 quale
838 2448 868 2507 in
890 2453 949 2506 tota
972 2445 1090 2523 Europa
1114 2464 1171 2505 ncin
1194 2454 1284 2517 esset,
1313 2445 1416 2509 allecta
1445 2447 1481 2507 ad
1504 2447 1686 2508 boc-liuma-

387 2550 502 2610 mimi
524 2549 665 2627 principis
687 2546 874 2618 liberalitate,
902 2546 1025 2625 parabat
1045 2549 1206 2617 instruere,
1241 2549 1346 2626 partim
1370 2550 1455 2610 etiam
1478 2568 1529 2611 sua
1553 2552 1685 2628 pecunia,

388 2653 497 2729 partim
520 2650 620 2711 eiectis
642 2648 791 2711 inutilibus
813 2647 1038 2727 professorculis
1060 2657 1098 2718 et,
1121 2649 1228 2728 quibus
1247 2649 1288 2710 illi
1309 2649 1464 2719 habentur,
1488 2651 1634 2712 translatis
1648 2651 1685 2712 ad
1778 2650 1780 2656 '

387 2752 542 2813 meliorem
570 2770 656 2812 usum
683 2751 843 2829 stipendiis.
881 2749 1025 2812 Occulinit
1051 2751 1141 2828 igitur
1162 2769 1221 2810 non
1244 2753 1358 2812 modica
1381 2753 1544 2814 studiorum
1565 2756 1753 2822 iacturam

356 2853 502 2932 aquibus
523 2851 609 2914 simul
632 2871 666 2913 ac
686 2851 808 2914 literatis
830 2839 966 2936 omnibns
988 2851 1176 2913 consulturus
1198 2860 1262 2912 erat
1282 2854 1312 2913 in
1333 2855 1392 2913 otio
1413 2854 1490 2933 quod
1508 2855 1687 2916 destinabat:

392 2972 500 3033 nempe
521 2971 639 3015 omnem
662 2952 762 3015 aulicae
785 2953 1003 3015 consuetudinis
1026 2953 1189 3015 molestiam
1212 2974 1321 3015 exuero
1342 2955 1497 3034 cogitabat,
1520 2975 1598 3035 saepe
1619 2974 1687 3034 pro·

393 3054 466 3116 bans
487 3054 559 3117 illud
581 3055 701 3116 blutiani
724 3054 892 3125 consilium,
922 3056 971 3133 qni
993 3057 1131 3116 missione
1153 3075 1169 3115 a
1192 3075 1246 3117 suo
1268 3057 1401 3134 principe
1423 3056 1591 3134 impetrata,
1615 3059 1687 3117 seri-

393 3155 497 3217 barum
519 3157 664 3227 decuria,
687 3158 717 3216 in
739 3175 796 3236 qua
812 3164 943 3217 versatus
959 3165 1036 3227 crat,
1059 3159 1224 3236 inscripsit:
1253 3176 1379 3218 viuere
1403 3176 1686 3233 sonnicravmnas,

395 3258 493 3319 domui
520 3276 590 3319 vero
618 3276 679 3319 suae
701 3278 807 3319 esaan
830 3278 1101 3327 rannuvmmans.
1146 3258 1216 3320 blac
1237 3246 1436 3337 agens'atqnc
1459 3259 1521 3320 lnec
1541 3273 1754 3337 apparanstas.

361 3367 461 3422 sante
483 3360 560 3421 diem
582 3361 693 3421 interiit
713 3359 810 3421 bonus
828 3358 990 3420 ltelvollus:
1014 3379 1123 3421 annum
1146 3362 1224 3421 enim
1247 3359 1278 3420 L.
1302 3362 1434 3422 naiadum
1457 3361 1599 3438 attigerat.
1634 3359 1686 3420 Cui

396 3479 449 3520 nos
469 3480 486 3521 a
507 3461 562 3521 diis
583 3460 797 3522 immortalibus
819 3462 933 3540 precari
956 3461 1099 3523 debemus
1120 3464 1217 3523 omnia
1240 3481 1304 3541 qaia
1326 3462 1455 3523 solennis
1475 3462 1521 3522 his
1547 3463 1596 3540 qni
1619 3480 1686 3522 cuni

396 3560 479 3623 laude
500 3565 643 3624 vixerunt.
688 3562 766 3643 quod
790 3570 818 3624 te
840 3564 986 3623 lacunam
1008 3582 1124 3624 mecum
1148 3582 1205 3623 tion
1229 3563 1339 3632 dubito,
1362 3572 1421 3624 tam
1444 3563 1511 3642 nida
1535 3581 1581 3622 iiie
1596 3580 1685 3628 amas,
1696 3565 1755 3616 Μ.

398 3680 481 3741 mmm
503 3665 571 3744 quia
593 3664 684 3724 amari
707 3664 744 3724 ab
772 3663 821 3723 illo
849 3663 1043 3725 intellexeras.
1087 3665 1205 3725 Hutteni
1234 3683 1303 3725 vcro
1333 3683 1433 3725 castini
1462 3665 1499 3724 ita
1527 3663 1579 3723 tibi
1606 3669 1755 3723 coin-stt.

399 3765 517 3834 utendo,
545 3772 578 3826 ut
598 3767 742 3844 insignem
764 3766 947 3841 atrpcitatem
971 3768 1086 3843 cantiam
1109 3767 1137 3825 in
1160 3765 1239 3826 ltalia
1262 3784 1380 3845 «parcique
1410 3773 1570 3825 innascere.
1608 3764 1685 3825 Vale..

369 3864 563 3945 alleguntiae,
603 3866 703 3929 ldibus
733 3866 821 3937 lunii,
855 3869 940 3927 Antio
976 3867 1089 3927 lloniini
1124 3866 1276 3928 llillesimo
1306 3867 1541 3946 qiiiiigentesimo
1574 3867 1689 3928 dectiino

400 3968 505 4044 quinta

464 4220 549 4271 ¹baec
563 4222 591 4284 (i.
604 4238 626 4270 e.
640 4222 728 4282 aerbo)
741 4224 774 4272 Α.
790 4227 814 4272 2.
847 4220 961 4272 nocet.
1008 4221 1169 4286 ''pecunin,
1183 4222 1283 4274 deinde
1298 4222 1444 4273 eiectat.
1498 4223 1688 4274 ”abimmon

402 4304 451 4353 tali
462 4306 572 4355 Christo
586 4303 634 4355 3¹¹.
