4067 6209
477 777 557 831 CXL.
577 794 660 829 eaorr
675 794 792 828 avaram
806 793 842 828 An
857 793 972 827 araumu.
986 793 1136 828 taatrennu
1150 794 1193 828 aa.
1208 795 1233 829 n.
1250 786 1282 828 16.
1297 794 1357 829 oca.
1373 785 1431 830 iste.
1524 761 1597 834 309
1631 841 1632 845 Ἰ

304 962 426 1011 moristra
449 953 613 1027 protulerit?
640 953 776 1009 Pbacbum
800 951 897 1008 saluto.
935 952 1006 1009 bunc
1030 954 1112 1010 eciam
1136 954 1238 1031 optime
1260 953 1349 1012 valere
1371 954 1447 1039 eupit
1462 954 1599 1011 Erhaulus

303 1059 353 1097 ron
376 1040 425 1095 der
449 1039 522 1094 Tban
546 1038 654 1094 nobilis.

321 1289 460 1324 aououire.
758 1307 761 1314 ·
933 1271 962 1330 2,
1332 1290 1358 1323 n.
1373 1282 1406 1325 io.
1421 1291 1481 1325 oca.
1495 1282 1589 1325 mitio.

300 1342 488 1355 ..—-——-—
1328 1345 1598 1357 ————-———

750 1427 826 1483 usu
847 1428 1008 1501 [ernau]
1029 1429 1054 1484 s.
1071 1430 1098 1484 ι.
1114 1429 1142 1485 u.

281 1578 293 1616 ⁵
389 1569 459 1629 biae,
490 1566 603 1622 blartiue
625 1564 776 1620 venerande
801 1565 925 1638 idemque
946 1565 1013 1620 mibi
1035 1566 1206 1630 charissime,
1237 1568 1341 1625 firmum
1370 1570 1397 1625 in
1426 1576 1452 1624 te
1480 1566 1654 1625 amoremld·

305 1672 393 1711 trierim
416 1651 588 1713 custodiunt,
613 1650 685 1723 (pared
706 1668 810 1705 summa
826 1649 1008 1706 familiaritate
1025 1650 1164 1708 Erllordiae
1179 1652 1258 1708 bouis
1274 1654 1378 1711 artibus
1394 1654 1473 1710 simul
1490 1671 1600 1727 operam

304 1741 426 1796 dedimus
449 1746 529 1793 aetate
553 1735 675 1795 iuuenili,
699 1736 772 1809 quod
795 1741 903 1808 tempus
930 1736 1002 1791 inter
1025 1736 1127 1791 similes
1150 1755 1240 1793 mores
1263 1740 1398 1795 artissima
1427 1739 1600 1794 iuudamenta

305 1824 432 1881 amicicie
455 1822 585 1883 collocat,
609 1821 705 1876 deinde
728 1820 800 1893 quod
824 1829 851 1875 te
874 1819 1004 1875 babemus
1028 1829 1081 1876 tam
1104 1824 1244 1895 egregium
1259 1824 1430 1880 defensorem
1447 1830 1528 1880 rectu
1544 1823 1619 1896 pie-¹

307 1911 384 1971 tatis,
415 1926 495 1981 quam
520 1914 624 1961 tantum
646 1906 771 1979 protegis
793 1904 889 1979 clypeo
912 1906 1056 1979 scripturae
1079 1915 1208 1980 quantum
1231 1918 1365 1965 conantur
1392 1908 1437 1965 alii
1460 1926 1507 1983 spe
1529 1907 1598 1964 lucri

273 2000 296 2040 ¹⁰
306 1995 473 2050 subvertere.
507 1992 565 2060 Quo
589 1991 618 2046 m
640 1999 671 2046 ut
694 1991 739 2064 qui
764 1998 817 2044 tam
840 1989 923 2062 longe
944 1990 1053 2053 absum,
1077 1993 1177 2067 saepius
1200 2001 1288 2049 tecum
1310 1994 1465 2067 colloquar,
1489 1994 1599 2067 iungam
1608 1995 1654 2044 §.a

305 2080 441 2140 dextram,
470 2078 503 2132 de
527 2086 553 2131 te
577 2076 723 2137 somniem,
754 2092 832 2147 quiam
857 2075 875 2129 ii
898 2093 967 2148 qrros
996 2094 1084 2151 prope
1106 2077 1203 2140 babes;
1237 2079 1263 2133 in
1287 2097 1339 2153 qua
1361 2097 1391 2134 re
1413 2079 1526 2135 Hessum
1550 2095 1599 2133 uo·

306 2174 392 2220 sirum
424 2170 522 2219 testem
551 2162 634 2224 iacio,
665 2160 809 2233 utriusque
839 2168 963 2215 nostrum
991 2162 1062 2234 apud
1089 2169 1116 2218 te
1143 2161 1280 2235 legatione
1303 2164 1476 2237 fungentem:
1509 2169 1600 2219 movet

306 2250 376 2304 euim
400 2266 456 2310 me,
479 2247 607 2310 blartiue,
631 2253 720 2301 movet
741 2246 927 2301 controversia
951 2263 1031 2318 quam
1054 2246 1102 2301 tibi
1130 2248 1303 2303 concitarunt
1330 2266 1390 2304 eum
1419 2247 1512 2305 multis
1539 2246 1599 2303 aliis

306 2334 332 2389 iu
355 2343 437 2407 caput
459 2341 536 2388 tuum
558 2332 748 2404 conspirantes
764 2329 953 2385 Dominicistae.
992 2339 1020 2385 et
1043 2332 1093 2386 nisi
1116 2332 1281 2405 contigisses
1303 2334 1432 2389 divinitus
1454 2334 1517 2389 huie
1538 2335 1654 2388 cor-§.b

271 2427 388 2492 ¹⁵rupto
412 2417 526 2478 saeculo,
556 2424 587 2472 ut
615 2424 642 2474 ie
668 2416 827 2488 magistrum
853 2415 985 2470 doctrinm
1008 2415 1167 2472 Christianae
1197 2425 1321 2473 tueretur
1342 2418 1458 2475 caelestis
1479 2419 1598 2478 dextera,

306 2505 357 2559 iam
380 2521 394 2558 a
417 2502 497 2558 nobis
525 2519 600 2557 esses
622 2500 799 2557 declamatas:
835 2506 927 2554 tantus
956 2498 1065 2556 illorum
1095 2502 1172 2556 iurer
1200 2510 1241 2557 est
1271 2502 1317 2576 qui
1344 2503 1495 2559 doctrinam
1523 2518 1599 2558 suam

306 2606 385 2662 quam
410 2583 540 2659 Χριστοῦ
562 2585 667 2641 malunt
689 2578 812 2658 probari;
837 2592 911 2639 tanta
927 2584 1064 2641 Rhomana
1086 2586 1214 2648 avaricia,
1241 2585 1246 2658 Ι
1271 2595 1301 2642 ut
1323 2580 1666 2666 millevenenilsat.12·.

306 2673 401 2728 modos
424 2690 454 2728 ac
477 2672 647 2745 proditiones
671 2670 803 2731 iureniat,
827 2668 873 2724 ubi
896 2669 960 2743 quid
984 2669 1061 2726 lucro
1084 2670 1177 2727 allicit.
1222 2671 1287 2727 Cum
1310 2672 1336 2743 iu
1350 2672 1491 2728 Germania
1513 2672 1656 2729 adbuei·⁴·

306 2775 408 2819 essem,
432 2757 551 2812 nonduin
574 2755 695 2811 eruditum
718 2763 776 2810 erat
799 2762 917 2810 vestmm
941 2753 1007 2810 illud
1022 2756 1153 2812 Punicum
1176 2755 1292 2818 bellum:
1322 2774 1393 2813 anuo
1409 2764 1473 2830 post
1488 2756 1601 2814 lacobus¹

271 2843 411 2903 arturus,
436 2850 498 2896 tuus
521 2841 585 2896 item
609 2839 756 2913 singularis
779 2847 926 2913 patronus,
949 2839 1012 2895 dum
1034 2840 1107 2896 Petri
1130 2840 1223 2896 limina
1245 2841 1367 2897 risitaret
1389 2859 1421 2897 ea
1443 2849 1522 2904 voto,
1545 2841 1601 2917 pri·

306 2945 378 2982 mum
402 2927 529 2982 nuncium
551 2932 703 2998 emptorum
726 2941 863 2979 armorum
886 2923 993 2989 artabu
1028 2926 1144 2998 primum
1167 2933 1256 2981 autem
1280 2926 1352 2999 quod
1373 2927 1406 2997 in
1434 2944 1530 2982 manus
1552 2943 1602 2983 uo·

307 3020 378 3066 siras
402 3011 539 3084 pervenit,
563 3017 622 3065 erat
644 3009 772 3082 bialogus
795 3007 918 3064 Silvestri
941 3007 1074 3083 theologi
1097 3012 1182 3072 acuti,
1206 3010 1361 3066 scommatis
1383 3009 1539 3084 salibusque
1562 3011 1602 3067 ie*

307 3096 396 3152 liciter
418 3096 535 3155 utentis.
562 3095 598 3149 ita
622 3102 652 3148 ut
676 3095 780 3150 ierreos
805 3102 867 3148 tuos
890 3111 972 3148 nasos
994 3104 1176 3156 commoveat,
1199 3095 1242 3150 eui
1266 3101 1357 3168 partes
1380 3094 1533 3167 pontificias
1555 3096 1601 3152 de·

308 3181 428 3237 tendenti
457 3197 505 3235 sua
533 3186 632 3252 sponte
662 3179 750 3234 iniluit
776 3179 884 3233 veritas.
933 3178 1000 3234 Post
1029 3178 1094 3234 illud
1123 3196 1235 3236 acumen
1263 3179 1347 3233 mittit
1375 3177 1454 3234 nobis
1479 3179 1657 3235 Andreasi.⁵.

273 3266 399 3320 2⁵Fnsus
425 3266 543 3328 decanus
564 3263 798 3337 babenbergensis
821 3271 897 3318 tirum
919 3264 1142 3320 commentarium
1172 3265 1197 3318 iu
1221 3262 1372 3336 disputatas
1399 3261 1599 3325 conclusiones,

307 3351 403 3405 deiude
430 3349 645 3423 disputacionem
672 3351 887 3421 Augustcusem,
917 3366 977 3421 quae
1001 3349 1088 3403 omnia
1112 3366 1126 3403 a
1149 3348 1228 3404 nobis
1257 3347 1376 3421 perlecta
1404 3347 1479 3403 avide
1501 3346 1601 3404 multo·

308 3452 421 3508 rumque
444 3434 586 3490 doctorum
609 3434 748 3488 bominum
771 3433 894 3488 inanibus
917 3433 1035 3488 corruda
1057 3432 1187 3489 llbomam
1216 3450 1325 3505 quoque
1350 3432 1512 3504 legavimus,
1544 3449 1599 3505 quo

308 3520 402 3574 ialsarn
425 3520 458 3574 de
481 3525 508 3573 te
530 3535 580 3592 per
602 3517 688 3574 malos
711 3518 834 3573 homiues
855 3516 1019 3590 divulgatam
1042 3517 1139 3573 lamam
1165 3518 1405 3591 supprimeremus.
1450 3516 1600 3590 Oportebat
1611 3516 1655 3567 §.a

308 3606 360 3659 ista
383 3612 489 3659 secreto
513 3603 586 3665 fieri,
615 3611 645 3657 ut
667 3602 791 3658 venirent
814 3603 841 3657 in
864 3619 958 3656 luanus
987 3600 1139 3674 legencium
1168 3602 1226 3657 sine
1254 3602 1364 3657 nomine
1392 3602 1539 3662 mittentis.
1567 3618 1602 3658 ue

872 3733 1039 3743 —-—

309 3787 473 3836 CXXXX.¹2.
493 3787 516 3835 Α
533 3805 568 3830 =
585 3785 651 3836 Cod.
670 3785 752 3835 Goth.
773 3785 819 3834 cit.
839 3783 897 3833 foll.
919 3781 1049 3832 lib...14·.
1119 3783 1182 3831 2:
1195 3780 1289 3848 [Miag]
1303 3784 1422 3832 Manum.
1437 3783 1553 3847 pietatis
1564 3782 1602 3834 II.

309 3870 453 3937 p.13...17.
490 3872 630 3935 Integram
656 3870 815 3919 exhibemus
839 3868 1046 3926 memorabilem
1070 3868 1231 3933 epistulam,
1257 3869 1383 3932 quamvis
1401 3868 1434 3916 de
1454 3868 1513 3932 ipso
1531 3868 1602 3916 Hut-

309 3965 373 4006 teno
392 3955 460 4005 nihil
479 3956 595 4015 habeat,
616 3960 672 4003 tum
692 3954 763 4018 quod
782 3954 816 4003 ad
835 3954 946 4003 Crotum
958 3953 1164 4017 Lutherumque
1182 3952 1398 4017 pernoscendum
1417 3953 1529 4002 maximi
1547 3968 1603 4002 mo-

309 4042 395 4090 menti
419 4046 475 4104 est,
500 4045 557 4089 tum
581 4039 653 4103 quod
676 4055 693 4088 a
710 4039 816 4103 bliegio
840 4039 880 4086 ita
904 4043 1032 4103 corrupte
1057 4037 1201 4102 publicata
1221 4042 1276 4099 est,
1301 4043 1331 4088 ut
1350 4038 1482 4087 lectorem
1500 4036 1603 4101 ubique

910 4129 1001 4172 vexet.

378 4261 536 4326 'optimum
551 4263 575 4307 2.
658 4259 835 4309 Eberhardas
854 4272 902 4310 oen
919 4265 961 4310 ber
979 4263 1038 4323 tbeu
1052 4261 1077 4308 2.
1115 4259 1147 4308 ln
1165 4260 1223 4308 rod.
1241 4259 1313 4320 infru
1335 4255 1602 4321 muneratorium.

309 4364 374 4395 uren.
387 4349 472 4409 posuit
490 4358 539 4397 ren
555 4351 597 4395 brt
616 4341 698 4407 ssban.
730 4344 763 4392 In
781 4343 861 4392 album
880 4345 1019 4392 academice
1037 4344 1206 4408 Wittenberp.
1226 4343 1306 4406 (edici.
1321 4345 1487 4394 Fdratenranu
1502 4361 1530 4407 p.
1546 4342 1603 4401 42.)

309 4432 503 4494 inscripsisset
521 4428 724 4492 „Ewerbardus
742 4444 796 4479 von
814 4428 864 4477 der
881 4427 961 4477 Thau
978 4427 1161 4493 Herbipolen.
1180 4427 1251 4478 dioc.
1270 4427 1309 4477 v1
1327 4427 1388 4477 idus
1408 4428 1535 4491 augusti”
1554 4425 1604 4475 sub

310 4519 452 4564 rectoratu
469 4512 596 4563 Vdslriei
613 4512 704 4562 Erbar
715 4513 771 4561 Ad.
786 4518 814 4561 et
826 4512 898 4562 Med.
912 4513 946 4561 D.
962 4528 987 4561 a.
1004 4510 1076 4560 1515.

377 4596 388 4629 ⁴
412 4599 456 4648 Ito
473 4599 498 4647 Ιι.
512 4601 529 4647 t.
542 4599 598 4647 rod.
619 4597 659 4645 Dc
675 4600 894 4661 superscriptione
912 4598 969 4646 uide
987 4597 1024 4645 ad
1037 4598 1156 4658 proxime
1168 4598 1325 4659 superiorem
1343 4610 1384 4658 ep.
1398 4595 1486 4644 adnot,
1502 4608 1524 4642 s.
1538 4610 1563 4643 e.
1577 4610 1604 4643 n.

309 4688 381 4732 initio
399 4687 547 4749 opimetur
564 4684 625 4731 in2.
700 4680 849 4745 ⁵itemqae
868 4681 935 4730 mihi
955 4680 1114 4729 Clarissima
1128 4682 1153 4728 2.
1230 4678 1396 4728 ⁶Erfordiae
1409 4682 1434 4728 2.
1496 4676 1603 4728 ⁷urtil'.

308 4771 365 4819 cod.
377 4768 537 4818 arctissima
550 4770 575 4815 2.
640 4766 661 4799 ¹⁰
679 4768 780 4831 saepies
792 4768 818 4815 2.
878 4762 897 4797 ¹¹
916 4762 956 4830 re]
966 4765 1016 4832 'Te
1028 4765 1055 4812 2.
1107 4760 1235 4827 Bessum]
1250 4763 1381 4812 loannem
1393 4762 1605 4829 Norimbergen·

309 4869 380 4914 sem,
400 4868 454 4901 non
473 4853 625 4902 Eobauam.
679 4850 700 4883 ¹²
717 4857 861 4917 utrumque
873 4853 899 4900 2.
953 4846 974 4881 ¹⁴
993 4848 1157 4912 contigisset
1169 4853 1194 4897 2.
1247 4844 1268 4877 ¹⁸
1286 4843 1414 4911 declam]
1433 4846 1605 4907 orationibus

310 4937 481 4988 funebribus.
543 4936 564 4969 ¹⁷
583 4937 704 4987 avaritia
721 4940 752 4985 ut
770 4935 846 4985 mille
864 4935 965 4986 veneni
984 4949 1018 4982 ao
1037 4932 1200 4998 proditionis
1219 4930 1312 4979 modos
1330 4931 1385 4980 inv.
1400 4934 1425 4980 2.
1497 4929 1517 4961 ⁸⁸
1534 4930 1605 4980 lucri

310 5023 401 5073 afficit
413 5026 439 5071 2.
498 5020 517 5053 ²¹
539 5027 680 5087 ceptorum
693 5022 727 5070 A.
742 5024 767 5069 2.
825 5018 848 5051 ¹²
866 5020 1001 5084 sylvestri
1014 5019 1039 5066 2.
1106 5017 1240 5067 scematis
1258 5016 1393 5066 cadell.
1463 5013 1486 5046 '⁵
1502 5012 1604 5081 Funus]

310 5108 397 5158 fluxus
414 5109 461 5157 sed
479 5108 564 5157 deleta
581 5106 590 5155 l
607 5108 665 5157 cod.
695 5106 796 5172 Tripus
808 5107 834 5155 2.
887 5102 909 5136 ¹⁹
928 5102 1002 5155 istud
1014 5103 1041 5153 2.
