<?xml version="1.0" encoding="UTF-8"?>
<!DOCTYPE html PUBLIC "-//W3C//DTD XHTML 1.0 Transitional//EN"
    "http://www.w3.org/TR/xhtml1/DTD/xhtml1-transitional.dtd">
<html xmlns="http://www.w3.org/1999/xhtml" xml:lang="en" lang="en">
 <head>
  <title>
</title>
<meta http-equiv="Content-Type" content="text/html;charset=utf-8" />
  <meta name='ocr-system' content='tesseract 3.04.00' />
  <meta name='ocr-capabilities' content='ocr_page ocr_carea ocr_par ocr_line ocrx_word'/>
</head>
<body>
  <div class='ocr_page' id='page_1' title='image "./ulrichihuttenie03huttgoog_0269.png"; bbox 0 0 4067 6209; ppageno 0'>
   <div class='ocr_carea' id='block_1_1' title="bbox 505 772 1644 845">
    <p class='ocr_par' dir='ltr' id='par_1_1' title="bbox 505 772 1644 845">
     <span class='ocr_line' id='line_1_1' title="bbox 505 772 1644 845; baseline -0.005 -1"><span class='ocrx_word' id='word_1_1' title='bbox 505 794 597 844; x_wconf 84' lang='lat' dir='ltr'>LlIII.</span> <span class='ocrx_word' id='word_1_2' title='bbox 617 808 741 843; x_wconf 76' lang='lat' dir='ltr'>nvrrnnr</span> <span class='ocrx_word' id='word_1_3' title='bbox 754 806 791 842; x_wconf 76' lang='lat' dir='ltr'>nn</span> <span class='ocrx_word' id='word_1_4' title='bbox 804 806 887 842; x_wconf 74' lang='lat' dir='ltr'>cneo.</span> <span class='ocrx_word' id='word_1_5' title='bbox 901 806 1068 841; x_wconf 74' lang='lat' dir='ltr'>nensiinrn</span> <span class='ocrx_word' id='word_1_6' title='bbox 1082 806 1134 840; x_wconf 82' lang='lat' dir='ltr'>ruo</span> <span class='ocrx_word' id='word_1_7' title='bbox 1148 784 1506 841; x_wconf 55' lang='lat' dir='ltr'>numerumnunerum?</span> <span class='ocrx_word' id='word_1_8' title='bbox 1573 772 1644 845; x_wconf 82' lang='lat'>139</span> 
     </span>
    </p>
   </div>
   <div class='ocr_carea' id='block_1_2' title="bbox 449 923 1516 4198">
    <p class='ocr_par' dir='ltr' id='par_1_2' title="bbox 449 923 1516 4198">
     <span class='ocr_line' id='line_1_2' title="bbox 506 923 1306 1042; baseline -0.005 -17"><span class='ocrx_word' id='word_1_9' title='bbox 506 964 638 1035; x_wconf 89' lang='lat' dir='ltr'>Quorum</span> <span class='ocrx_word' id='word_1_10' title='bbox 660 971 743 1042; x_wconf 85' lang='lat' dir='ltr'>terga</span> <span class='ocrx_word' id='word_1_11' title='bbox 766 963 873 1041; x_wconf 81' lang='lat' dir='ltr'><strong>premit</strong></span> <span class='ocrx_word' id='word_1_12' title='bbox 894 980 953 1021; x_wconf 93' lang='lat' dir='ltr'>non</span> <span class='ocrx_word' id='word_1_13' title='bbox 976 960 1141 1021; x_wconf 81' lang='lat' dir='ltr'>enarrabile</span> <span class='ocrx_word' id='word_1_14' title='bbox 1162 923 1306 1039; x_wconf 45' lang='lat' dir='ltr'>vulgus..</span> 
     </span>
     <span class='ocr_line' id='line_1_3' title="bbox 527 1063 1187 1152; baseline -0.009 -25"><span class='ocrx_word' id='word_1_15' title='bbox 527 1093 531 1100; x_wconf 53' lang='lat'><em>⁴</em></span> <span class='ocrx_word' id='word_1_16' title='bbox 577 1066 708 1152; x_wconf 79' lang='lat' dir='ltr'>Turbida</span> <span class='ocrx_word' id='word_1_17' title='bbox 729 1064 855 1125; x_wconf 84' lang='lat' dir='ltr'>Felsinei</span> <span class='ocrx_word' id='word_1_18' title='bbox 876 1064 1007 1143; x_wconf 80' lang='lat' dir='ltr'>phratrio</span> <span class='ocrx_word' id='word_1_19' title='bbox 1030 1063 1187 1131; x_wconf 86' lang='lat' dir='ltr'>Dominici,</span> 
     </span>
     <span class='ocr_line' id='line_1_4' title="bbox 507 1164 1324 1246; baseline -0.007 -18"><span class='ocrx_word' id='word_1_20' title='bbox 507 1168 686 1246; x_wconf 78' lang='lat' dir='ltr'>Attonitiqne</span> <span class='ocrx_word' id='word_1_21' title='bbox 707 1166 792 1244; x_wconf 91' lang='lat' dir='ltr'>sophi</span> <span class='ocrx_word' id='word_1_22' title='bbox 814 1171 902 1243; x_wconf 86' lang='lat' dir='ltr'>ntqne</span> <span class='ocrx_word' id='word_1_23' title='bbox 924 1165 1038 1243; x_wconf 86' lang='lat' dir='ltr'>obstipa</span> <span class='ocrx_word' id='word_1_24' title='bbox 1060 1166 1157 1224; x_wconf 89' lang='lat' dir='ltr'>lronte</span> <span class='ocrx_word' id='word_1_25' title='bbox 1179 1164 1324 1241; x_wconf 80' lang='lat' dir='ltr'>magistri,</span> 
     </span>
     <span class='ocr_line' id='line_1_5' title="bbox 451 1265 1243 1346; baseline -0.009 -15"><span class='ocrx_word' id='word_1_26' title='bbox 451 1291 477 1330; x_wconf 76' lang='lat' dir='ltr'>ns</span> <span class='ocrx_word' id='word_1_27' title='bbox 575 1269 729 1337; x_wconf 88' lang='lat' dir='ltr'>Terribilis</span> <span class='ocrx_word' id='word_1_28' title='bbox 750 1269 852 1329; x_wconf 89' lang='lat' dir='ltr'>stricto</span> <span class='ocrx_word' id='word_1_29' title='bbox 872 1266 960 1327; x_wconf 82' lang='lat' dir='ltr'>turbo</span> <span class='ocrx_word' id='word_1_30' title='bbox 982 1265 1154 1346; x_wconf 79' lang='lat' dir='ltr'>supercilio:</span> <span class='ocrx_word' id='word_1_31' title='bbox 1188 1279 1190 1294; x_wconf 58' lang='lat'>¹</span> <span class='ocrx_word' id='word_1_32' title='bbox 1240 1332 1243 1337; x_wconf 14' lang='lat' dir='ltr'><em>A</em></span> 
     </span>
     <span class='ocr_line' id='line_1_6' title="bbox 507 1367 1400 1446; baseline -0.008 -13"><span class='ocrx_word' id='word_1_33' title='bbox 507 1373 594 1433; x_wconf 80' lang='lat' dir='ltr'>l‘nrte</span> <span class='ocrx_word' id='word_1_34' title='bbox 616 1373 695 1432; x_wconf 89' lang='lat' dir='ltr'>omui</span> <span class='ocrx_word' id='word_1_35' title='bbox 718 1372 829 1431; x_wconf 91' lang='lat' dir='ltr'>circum</span> <span class='ocrx_word' id='word_1_36' title='bbox 852 1371 978 1438; x_wconf 73' lang='lat' dir='ltr'>insidiis,</span> <span class='ocrx_word' id='word_1_37' title='bbox 1004 1368 1062 1429; x_wconf 84' lang='lat' dir='ltr'>tela</span> <span class='ocrx_word' id='word_1_38' title='bbox 1084 1369 1214 1446; x_wconf 89' lang='lat' dir='ltr'>undique</span> <span class='ocrx_word' id='word_1_39' title='bbox 1236 1374 1265 1427; x_wconf 89' lang='lat' dir='ltr'>et</span> <span class='ocrx_word' id='word_1_40' title='bbox 1287 1367 1400 1428; x_wconf 91' lang='lat' dir='ltr'>hostes:</span> 
     </span>
     <span class='ocr_line' id='line_1_7' title="bbox 578 1472 1170 1534; baseline -0.008 0"><span class='ocrx_word' id='word_1_41' title='bbox 578 1475 624 1534; x_wconf 82' lang='lat' dir='ltr'>Tu</span> <span class='ocrx_word' id='word_1_42' title='bbox 645 1481 724 1534; x_wconf 79' lang='lat' dir='ltr'>intes</span> <span class='ocrx_word' id='word_1_43' title='bbox 746 1474 818 1533; x_wconf 84' lang='lat' dir='ltr'>votis</span> <span class='ocrx_word' id='word_1_44' title='bbox 840 1473 1048 1533; x_wconf 86' lang='lat' dir='ltr'>commisernre</span> <span class='ocrx_word' id='word_1_45' title='bbox 1068 1472 1170 1530; x_wconf 87' lang='lat' dir='ltr'>vicem.</span> 
     </span>
     <span class='ocr_line' id='line_1_8' title="bbox 507 1570 1381 1653; baseline -0.007 -17"><span class='ocrx_word' id='word_1_46' title='bbox 507 1576 550 1636; x_wconf 88' lang='lat' dir='ltr'>Ne</span> <span class='ocrx_word' id='word_1_47' title='bbox 573 1583 670 1636; x_wconf 84' lang='lat' dir='ltr'>tomen</span> <span class='ocrx_word' id='word_1_48' title='bbox 691 1577 806 1636; x_wconf 79' lang='lat' dir='ltr'>stilletis</span> <span class='ocrx_word' id='word_1_49' title='bbox 828 1577 872 1636; x_wconf 89' lang='lat' dir='ltr'>ler</span> <span class='ocrx_word' id='word_1_50' title='bbox 895 1593 997 1653; x_wconf 89' lang='lat' dir='ltr'>opem,</span> <span class='ocrx_word' id='word_1_51' title='bbox 1021 1581 1105 1651; x_wconf 70' lang='lat' dir='ltr'>peter</span> <span class='ocrx_word' id='word_1_52' title='bbox 1127 1572 1251 1650; x_wconf 89' lang='lat' dir='ltr'>optime,</span> <span class='ocrx_word' id='word_1_53' title='bbox 1275 1570 1381 1638; x_wconf 88' lang='lat' dir='ltr'>rebus,</span> 
     </span>
     <span class='ocr_line' id='line_1_9' title="bbox 451 1674 1198 1755; baseline -0.009 -16"><span class='ocrx_word' id='word_1_54' title='bbox 451 1699 477 1739; x_wconf 79' lang='lat' dir='ltr'>oe</span> <span class='ocrx_word' id='word_1_55' title='bbox 578 1680 608 1738; x_wconf 86' lang='lat' dir='ltr'>Si</span> <span class='ocrx_word' id='word_1_56' title='bbox 631 1695 718 1738; x_wconf 82' lang='lat' dir='ltr'>causo</span> <span class='ocrx_word' id='word_1_57' title='bbox 741 1684 785 1737; x_wconf 89' lang='lat' dir='ltr'>est</span> <span class='ocrx_word' id='word_1_58' title='bbox 807 1695 898 1755; x_wconf 87' lang='lat' dir='ltr'>qnare</span> <span class='ocrx_word' id='word_1_59' title='bbox 920 1675 1029 1736; x_wconf 84' lang='lat' dir='ltr'>debent</span> <span class='ocrx_word' id='word_1_60' title='bbox 1050 1674 1102 1734; x_wconf 83' lang='lat' dir='ltr'>ista</span> <span class='ocrx_word' id='word_1_61' title='bbox 1125 1674 1198 1751; x_wconf 84' lang='lat' dir='ltr'>pati:</span> 
     </span>
     <span class='ocr_line' id='line_1_10' title="bbox 508 1774 1418 1854; baseline -0.007 -15"><span class='ocrx_word' id='word_1_62' title='bbox 508 1779 587 1840; x_wconf 83' lang='lat' dir='ltr'>lllirae</span> <span class='ocrx_word' id='word_1_63' title='bbox 609 1787 703 1848; x_wconf 82' lang='lat' dir='ltr'>ortes,</span> <span class='ocrx_word' id='word_1_64' title='bbox 726 1796 874 1839; x_wconf 90' lang='lat' dir='ltr'>summum</span> <span class='ocrx_word' id='word_1_65' title='bbox 896 1778 1060 1854; x_wconf 84' lang='lat' dir='ltr'>ingenium,</span> <span class='ocrx_word' id='word_1_66' title='bbox 1084 1782 1152 1835; x_wconf 85' lang='lat' dir='ltr'>nota</span> <span class='ocrx_word' id='word_1_67' title='bbox 1175 1774 1304 1853; x_wconf 90' lang='lat' dir='ltr'>undique</span> <span class='ocrx_word' id='word_1_68' title='bbox 1326 1776 1418 1835; x_wconf 84' lang='lat' dir='ltr'>virtus</span> 
     </span>
     <span class='ocr_line' id='line_1_11' title="bbox 578 1877 1178 1947; baseline -0.01 -5"><span class='ocrx_word' id='word_1_69' title='bbox 578 1882 675 1943; x_wconf 82' lang='lat' dir='ltr'>Prima</span> <span class='ocrx_word' id='word_1_70' title='bbox 698 1883 760 1941; x_wconf 85' lang='lat' dir='ltr'>viro</span> <span class='ocrx_word' id='word_1_71' title='bbox 781 1881 854 1939; x_wconf 85' lang='lat' dir='ltr'>tanti</span> <span class='ocrx_word' id='word_1_72' title='bbox 877 1898 963 1940; x_wconf 80' lang='lat' dir='ltr'>cause</span> <span class='ocrx_word' id='word_1_73' title='bbox 986 1879 1069 1939; x_wconf 88' lang='lat' dir='ltr'>luere</span> <span class='ocrx_word' id='word_1_74' title='bbox 1091 1877 1178 1947; x_wconf 84' lang='lat' dir='ltr'>mali,</span> 
     </span>
     <span class='ocr_line' id='line_1_12' title="bbox 508 1979 1211 2054; baseline -0.009 -10"><span class='ocrx_word' id='word_1_75' title='bbox 508 1983 563 2054; x_wconf 90' lang='lat' dir='ltr'>Qui</span> <span class='ocrx_word' id='word_1_76' title='bbox 585 1985 640 2043; x_wconf 90' lang='lat' dir='ltr'>nisi</span> <span class='ocrx_word' id='word_1_77' title='bbox 663 1984 801 2043; x_wconf 70' lang='lat' dir='ltr'>Caesareis</span> <span class='ocrx_word' id='word_1_78' title='bbox 822 1981 960 2042; x_wconf 83' lang='lat' dir='ltr'>voluisset</span> <span class='ocrx_word' id='word_1_79' title='bbox 981 1979 1089 2040; x_wconf 81' lang='lat' dir='ltr'><strong>cedere</strong></span> <span class='ocrx_word' id='word_1_80' title='bbox 1111 1980 1211 2048; x_wconf 87' lang='lat' dir='ltr'>iussis,</span> 
     </span>
     <span class='ocr_line' id='line_1_13' title="bbox 452 2084 1303 2159; baseline -0.012 -10"><span class='ocrx_word' id='word_1_81' title='bbox 452 2108 478 2149; x_wconf 81' lang='lat' dir='ltr'>oo</span> <span class='ocrx_word' id='word_1_82' title='bbox 576 2086 639 2147; x_wconf 92' lang='lat' dir='ltr'>lloc</span> <span class='ocrx_word' id='word_1_83' title='bbox 661 2084 757 2146; x_wconf 92' lang='lat' dir='ltr'>scelus</span> <span class='ocrx_word' id='word_1_84' title='bbox 778 2084 857 2145; x_wconf 83' lang='lat' dir='ltr'>haud</span> <span class='ocrx_word' id='word_1_85' title='bbox 879 2084 953 2143; x_wconf 83' lang='lat' dir='ltr'>ratio</span> <span class='ocrx_word' id='word_1_86' title='bbox 977 2100 1030 2142; x_wconf 92' lang='lat' dir='ltr'>cur</span> <span class='ocrx_word' id='word_1_87' title='bbox 1052 2088 1203 2159; x_wconf 81' lang='lat' dir='ltr'>pateretur</span> <span class='ocrx_word' id='word_1_88' title='bbox 1226 2086 1303 2139; x_wconf 85' lang='lat' dir='ltr'>erat:</span> 
     </span>
     <span class='ocr_line' id='line_1_14' title="bbox 508 2169 1442 2263; baseline -0.009 -15"><span class='ocrx_word' id='word_1_89' title='bbox 508 2187 666 2248; x_wconf 82' lang='lat' dir='ltr'>Consilium</span> <span class='ocrx_word' id='word_1_90' title='bbox 689 2188 795 2247; x_wconf 82' lang='lat' dir='ltr'>dixisse</span> <span class='ocrx_word' id='word_1_91' title='bbox 817 2192 920 2246; x_wconf 88' lang='lat' dir='ltr'>nocet:</span> <span class='ocrx_word' id='word_1_92' title='bbox 944 2185 1009 2263; x_wconf 90' lang='lat' dir='ltr'>quis</span> <span class='ocrx_word' id='word_1_93' title='bbox 1032 2183 1154 2243; x_wconf 91' lang='lat' dir='ltr'>credidit</span> <span class='ocrx_word' id='word_1_94' title='bbox 1176 2200 1306 2260; x_wconf 83' lang='lat' dir='ltr'>unquam</span> <span class='ocrx_word' id='word_1_95' title='bbox 1345 2169 1365 2204; x_wconf 76' lang='lat'><em>⁴</em></span> <span class='ocrx_word' id='word_1_96' title='bbox 1439 2212 1442 2220; x_wconf 89' lang='lat'>·</span> 
     </span>
     <span class='ocr_line' id='line_1_15' title="bbox 579 2286 1258 2367; baseline -0.01 -17"><span class='ocrx_word' id='word_1_97' title='bbox 579 2289 759 2367; x_wconf 81' lang='lat' dir='ltr'>Obsequium</span> <span class='ocrx_word' id='word_1_98' title='bbox 782 2288 908 2347; x_wconf 90' lang='lat' dir='ltr'>dominis</span> <span class='ocrx_word' id='word_1_99' title='bbox 930 2286 1050 2363; x_wconf 82' lang='lat' dir='ltr'>regibus</span> <span class='ocrx_word' id='word_1_100' title='bbox 1073 2304 1136 2345; x_wconf 90' lang='lat' dir='ltr'>esse</span> <span class='ocrx_word' id='word_1_101' title='bbox 1158 2286 1258 2346; x_wconf 85' lang='lat' dir='ltr'>nelasl</span> 
     </span>
     <span class='ocr_line' id='line_1_16' title="bbox 507 2386 1307 2467; baseline -0.008 -15"><span class='ocrx_word' id='word_1_102' title='bbox 507 2390 568 2452; x_wconf 89' lang='lat' dir='ltr'>Nec</span> <span class='ocrx_word' id='word_1_103' title='bbox 589 2397 622 2451; x_wconf 91' lang='lat' dir='ltr'>tn</span> <span class='ocrx_word' id='word_1_104' title='bbox 644 2392 699 2451; x_wconf 89' lang='lat' dir='ltr'>hos</span> <span class='ocrx_word' id='word_1_105' title='bbox 722 2390 868 2451; x_wconf 81' lang='lat' dir='ltr'>contemni</span> <span class='ocrx_word' id='word_1_106' title='bbox 891 2387 1001 2448; x_wconf 88' lang='lat' dir='ltr'>debere</span> <span class='ocrx_word' id='word_1_107' title='bbox 1023 2388 1171 2467; x_wconf 84' lang='lat' dir='ltr'>putaveris</span> <span class='ocrx_word' id='word_1_108' title='bbox 1193 2386 1307 2457; x_wconf 89' lang='lat' dir='ltr'>hostes,</span> 
     </span>
     <span class='ocr_line' id='line_1_17' title="bbox 452 2485 1269 2567; baseline -0.009 -13"><span class='ocrx_word' id='word_1_109' title='bbox 452 2514 477 2554; x_wconf 73' lang='lat' dir='ltr'>to</span> <span class='ocrx_word' id='word_1_110' title='bbox 576 2492 656 2563; x_wconf 90' lang='lat' dir='ltr'>Quos</span> <span class='ocrx_word' id='word_1_111' title='bbox 678 2500 790 2553; x_wconf 90' lang='lat' dir='ltr'>temere</span> <span class='ocrx_word' id='word_1_112' title='bbox 812 2492 905 2551; x_wconf 88' lang='lat' dir='ltr'>nostri</span> <span class='ocrx_word' id='word_1_113' title='bbox 927 2509 987 2550; x_wconf 93' lang='lat' dir='ltr'>non</span> <span class='ocrx_word' id='word_1_114' title='bbox 1008 2485 1269 2567; x_wconf 66' lang='lat' dir='ltr'>tinnuerepatres:</span> 
     </span>
     <span class='ocr_line' id='line_1_18' title="bbox 507 2593 1278 2671; baseline -0.006 -17"><span class='ocrx_word' id='word_1_115' title='bbox 507 2595 629 2654; x_wconf 71' lang='lat' dir='ltr'>dosoris</span> <span class='ocrx_word' id='word_1_116' title='bbox 650 2594 790 2655; x_wconf 84' lang='lat' dir='ltr'>Henriclii</span> <span class='ocrx_word' id='word_1_117' title='bbox 813 2593 907 2654; x_wconf 83' lang='lat' dir='ltr'>caedes</span> <span class='ocrx_word' id='word_1_118' title='bbox 928 2593 1111 2671; x_wconf 86' lang='lat' dir='ltr'>mixtumque</span> <span class='ocrx_word' id='word_1_119' title='bbox 1133 2609 1278 2651; x_wconf 89' lang='lat' dir='ltr'>venenum</span> 
     </span>
     <span class='ocr_line' id='line_1_19' title="bbox 579 2693 1244 2774; baseline -0.005 -19"><span class='ocrx_word' id='word_1_120' title='bbox 579 2696 686 2756; x_wconf 83' lang='lat' dir='ltr'>Christi</span> <span class='ocrx_word' id='word_1_121' title='bbox 707 2697 738 2755; x_wconf 92' lang='lat' dir='ltr'>in</span> <span class='ocrx_word' id='word_1_122' title='bbox 760 2714 835 2774; x_wconf 84' lang='lat' dir='ltr'>pune</span> <span class='ocrx_word' id='word_1_123' title='bbox 859 2696 898 2772; x_wconf 90' lang='lat' dir='ltr'>pii</span> <span class='ocrx_word' id='word_1_124' title='bbox 920 2695 998 2772; x_wconf 85' lang='lat' dir='ltr'>regis</span> <span class='ocrx_word' id='word_1_125' title='bbox 1021 2693 1056 2752; x_wconf 86' lang='lat' dir='ltr'>nd</span> <span class='ocrx_word' id='word_1_126' title='bbox 1081 2693 1244 2762; x_wconf 91' lang='lat' dir='ltr'>interitum,</span> 
     </span>
     <span class='ocr_line' id='line_1_20' title="bbox 506 2794 1316 2876; baseline -0.002 -19"><span class='ocrx_word' id='word_1_127' title='bbox 506 2798 543 2857; x_wconf 88' lang='lat' dir='ltr'>Et</span> <span class='ocrx_word' id='word_1_128' title='bbox 563 2804 612 2857; x_wconf 84' lang='lat' dir='ltr'>tna</span> <span class='ocrx_word' id='word_1_129' title='bbox 635 2815 723 2876; x_wconf 84' lang='lat' dir='ltr'>quam</span> <span class='ocrx_word' id='word_1_130' title='bbox 745 2798 874 2876; x_wconf 82' lang='lat' dir='ltr'>tetigisse</span> <span class='ocrx_word' id='word_1_131' title='bbox 896 2802 992 2874; x_wconf 90' lang='lat' dir='ltr'>potest</span> <span class='ocrx_word' id='word_1_132' title='bbox 1013 2794 1210 2875; x_wconf 86' lang='lat' dir='ltr'>Hieronymus</span> <span class='ocrx_word' id='word_1_133' title='bbox 1232 2802 1316 2866; x_wconf 77' lang='lat' dir='ltr'>aens,</span> 
     </span>
     <span class='ocr_line' id='line_1_21' title="bbox 452 2896 1240 2978; baseline -0.005 -19"><span class='ocrx_word' id='word_1_134' title='bbox 452 2920 477 2959; x_wconf 81' lang='lat' dir='ltr'>n</span> <span class='ocrx_word' id='word_1_135' title='bbox 577 2898 692 2978; x_wconf 79' lang='lat' dir='ltr'>Quique</span> <span class='ocrx_word' id='word_1_136' title='bbox 714 2899 881 2960; x_wconf 89' lang='lat' dir='ltr'>Nemetensi</span> <span class='ocrx_word' id='word_1_137' title='bbox 903 2917 974 2959; x_wconf 87' lang='lat' dir='ltr'>rure</span> <span class='ocrx_word' id='word_1_138' title='bbox 997 2896 1145 2975; x_wconf 84' lang='lat' dir='ltr'>Vignndus</span> <span class='ocrx_word' id='word_1_139' title='bbox 1167 2898 1240 2975; x_wconf 79' lang='lat' dir='ltr'>agit,</span> 
     </span>
     <span class='ocr_line' id='line_1_22' title="bbox 506 2998 1331 3079; baseline 0.002 -18"><span class='ocrx_word' id='word_1_140' title='bbox 506 3000 620 3079; x_wconf 77' lang='lat' dir='ltr'>Quique</span> <span class='ocrx_word' id='word_1_141' title='bbox 643 3002 720 3079; x_wconf 85' lang='lat' dir='ltr'>apud</span> <span class='ocrx_word' id='word_1_142' title='bbox 743 2999 888 3061; x_wconf 81' lang='lat' dir='ltr'>Helvetios</span> <span class='ocrx_word' id='word_1_143' title='bbox 910 3002 967 3060; x_wconf 85' lang='lat' dir='ltr'>inm</span> <span class='ocrx_word' id='word_1_144' title='bbox 989 3000 1057 3060; x_wconf 87' lang='lat' dir='ltr'>vivit</span> <span class='ocrx_word' id='word_1_145' title='bbox 1078 2998 1206 3059; x_wconf 89' lang='lat' dir='ltr'>letserus</span> <span class='ocrx_word' id='word_1_146' title='bbox 1229 2998 1331 3063; x_wconf 83' lang='lat' dir='ltr'>urbes.</span> 
     </span>
     <span class='ocr_line' id='line_1_23' title="bbox 577 3100 1332 3181; baseline -0.004 -18"><span class='ocrx_word' id='word_1_147' title='bbox 577 3102 721 3181; x_wconf 84' lang='lat' dir='ltr'>Quodque</span> <span class='ocrx_word' id='word_1_148' title='bbox 743 3121 809 3162; x_wconf 92' lang='lat' dir='ltr'>meo</span> <span class='ocrx_word' id='word_1_149' title='bbox 831 3104 944 3162; x_wconf 84' lang='lat' dir='ltr'>lucinus</span> <span class='ocrx_word' id='word_1_150' title='bbox 966 3108 1099 3178; x_wconf 89' lang='lat' dir='ltr'>tempere</span> <span class='ocrx_word' id='word_1_151' title='bbox 1122 3100 1217 3176; x_wconf 84' lang='lat' dir='ltr'>llernn</span> <span class='ocrx_word' id='word_1_152' title='bbox 1240 3101 1332 3169; x_wconf 85' lang='lat' dir='ltr'>dedit,</span> 
     </span>
     <span class='ocr_line' id='line_1_24' title="bbox 506 3183 1431 3282; baseline -0.002 -18"><span class='ocrx_word' id='word_1_153' title='bbox 506 3205 541 3264; x_wconf 81' lang='lat' dir='ltr'>Et</span> <span class='ocrx_word' id='word_1_154' title='bbox 565 3204 643 3282; x_wconf 92' lang='lat' dir='ltr'>quod</span> <span class='ocrx_word' id='word_1_155' title='bbox 665 3204 813 3264; x_wconf 83' lang='lat' dir='ltr'>l&#39;nrrliisia</span> <span class='ocrx_word' id='word_1_156' title='bbox 836 3202 1002 3281; x_wconf 77' lang='lat' dir='ltr'>exeuiplum</span> <span class='ocrx_word' id='word_1_157' title='bbox 1025 3204 1151 3262; x_wconf 76' lang='lat' dir='ltr'>munierit</span> <span class='ocrx_word' id='word_1_158' title='bbox 1173 3202 1209 3262; x_wconf 85' lang='lat' dir='ltr'>ab</span> <span class='ocrx_word' id='word_1_159' title='bbox 1231 3202 1320 3272; x_wconf 88' lang='lat' dir='ltr'>urbe,</span> <span class='ocrx_word' id='word_1_160' title='bbox 1424 3183 1431 3189; x_wconf 39' lang='lat'>⁸</span> 
     </span>
     <span class='ocr_line' id='line_1_25' title="bbox 450 3304 1516 3385; baseline 0 -20"><span class='ocrx_word' id='word_1_161' title='bbox 450 3328 475 3366; x_wconf 75' lang='lat' dir='ltr'>ss</span> <span class='ocrx_word' id='word_1_162' title='bbox 576 3305 722 3375; x_wconf 80' lang='lat' dir='ltr'>Quantum</span> <span class='ocrx_word' id='word_1_163' title='bbox 745 3307 855 3375; x_wconf 83' lang='lat' dir='ltr'>ausint,</span> <span class='ocrx_word' id='word_1_164' title='bbox 879 3325 944 3385; x_wconf 73' lang='lat' dir='ltr'>quie</span> <span class='ocrx_word' id='word_1_165' title='bbox 966 3307 1003 3364; x_wconf 87' lang='lat' dir='ltr'>sit</span> <span class='ocrx_word' id='word_1_166' title='bbox 1025 3306 1081 3373; x_wconf 89' lang='lat' dir='ltr'>vis,</span> <span class='ocrx_word' id='word_1_167' title='bbox 1105 3304 1280 3365; x_wconf 81' lang='lat' dir='ltr'>documenta</span> <span class='ocrx_word' id='word_1_168' title='bbox 1302 3304 1428 3373; x_wconf 84' lang='lat' dir='ltr'>debunt;</span> <span class='ocrx_word' id='word_1_169' title='bbox 1514 3339 1516 3342; x_wconf 33' lang='lat' dir='ltr'>v</span> 
     </span>
     <span class='ocr_line' id='line_1_26' title="bbox 507 3405 1422 3489; baseline 0.001 -22"><span class='ocrx_word' id='word_1_170' title='bbox 507 3406 622 3467; x_wconf 87' lang='lat' dir='ltr'>Scilicet</span> <span class='ocrx_word' id='word_1_171' title='bbox 644 3407 701 3467; x_wconf 90' lang='lat' dir='ltr'>hoc</span> <span class='ocrx_word' id='word_1_172' title='bbox 723 3414 864 3487; x_wconf 83' lang='lat' dir='ltr'>quantum</span> <span class='ocrx_word' id='word_1_173' title='bbox 887 3413 945 3475; x_wconf 86' lang='lat' dir='ltr'>est,</span> <span class='ocrx_word' id='word_1_174' title='bbox 968 3405 1088 3489; x_wconf 75' lang='lat' dir='ltr'>tulerint</span> <span class='ocrx_word' id='word_1_175' title='bbox 1110 3408 1229 3484; x_wconf 87' lang='lat' dir='ltr'>impunc</span> <span class='ocrx_word' id='word_1_176' title='bbox 1251 3415 1294 3468; x_wconf 88' lang='lat' dir='ltr'>tot</span> <span class='ocrx_word' id='word_1_177' title='bbox 1316 3426 1422 3479; x_wconf 85' lang='lat' dir='ltr'>annos,</span> 
     </span>
     <span class='ocr_line' id='line_1_27' title="bbox 497 3508 1255 3587; baseline 0.001 -19"><span class='ocrx_word' id='word_1_178' title='bbox 497 3558 499 3561; x_wconf 61' lang='grc'>,</span> <span class='ocrx_word' id='word_1_179' title='bbox 577 3509 660 3569; x_wconf 87' lang='lat' dir='ltr'>Nune</span> <span class='ocrx_word' id='word_1_180' title='bbox 683 3510 768 3569; x_wconf 88' lang='lat' dir='ltr'>decet</span> <span class='ocrx_word' id='word_1_181' title='bbox 789 3509 886 3569; x_wconf 82' lang='lat' dir='ltr'>ultrici</span> <span class='ocrx_word' id='word_1_182' title='bbox 908 3508 1038 3587; x_wconf 81' lang='lat' dir='ltr'>plectere</span> <span class='ocrx_word' id='word_1_183' title='bbox 1061 3508 1134 3568; x_wconf 82' lang='lat' dir='ltr'>lacto</span> <span class='ocrx_word' id='word_1_184' title='bbox 1158 3527 1255 3569; x_wconf 86' lang='lat' dir='ltr'>cruce.</span> 
     </span>
     <span class='ocr_line' id='line_1_28' title="bbox 505 3610 1213 3689; baseline 0.001 -20"><span class='ocrx_word' id='word_1_185' title='bbox 505 3611 549 3670; x_wconf 87' lang='lat' dir='ltr'>Tu</span> <span class='ocrx_word' id='word_1_186' title='bbox 572 3616 656 3689; x_wconf 87' lang='lat' dir='ltr'>potes</span> <span class='ocrx_word' id='word_1_187' title='bbox 677 3610 783 3671; x_wconf 82' lang='lat' dir='ltr'>auxilio</span> <span class='ocrx_word' id='word_1_188' title='bbox 806 3612 890 3671; x_wconf 88' lang='lat' dir='ltr'>lessis</span> <span class='ocrx_word' id='word_1_189' title='bbox 912 3628 1088 3671; x_wconf 83' lang='lat' dir='ltr'>succurrere</span> <span class='ocrx_word' id='word_1_190' title='bbox 1110 3610 1213 3679; x_wconf 87' lang='lat' dir='ltr'>rebus,</span> 
     </span>
     <span class='ocr_line' id='line_1_29' title="bbox 449 3711 1226 3792; baseline -0.003 -20"><span class='ocrx_word' id='word_1_191' title='bbox 449 3735 475 3773; x_wconf 80' lang='lat' dir='ltr'>se</span> <span class='ocrx_word' id='word_1_192' title='bbox 575 3712 620 3772; x_wconf 82' lang='lat' dir='ltr'>Tu</span> <span class='ocrx_word' id='word_1_193' title='bbox 640 3719 724 3792; x_wconf 90' lang='lat' dir='ltr'>potes</span> <span class='ocrx_word' id='word_1_194' title='bbox 747 3711 883 3772; x_wconf 79' lang='lat' dir='ltr'>hostilem</span> <span class='ocrx_word' id='word_1_195' title='bbox 906 3714 1053 3773; x_wconf 78' lang='lat' dir='ltr'>conticere</span> <span class='ocrx_word' id='word_1_196' title='bbox 1075 3712 1226 3781; x_wconf 83' lang='lat' dir='ltr'>invidinm;</span> 
     </span>
     <span class='ocr_line' id='line_1_30' title="bbox 505 3812 1367 3893; baseline 0.002 -19"><span class='ocrx_word' id='word_1_197' title='bbox 505 3814 539 3874; x_wconf 88' lang='lat' dir='ltr'>Ni</span> <span class='ocrx_word' id='word_1_198' title='bbox 561 3815 638 3873; x_wconf 89' lang='lat' dir='ltr'>leret</span> <span class='ocrx_word' id='word_1_199' title='bbox 659 3812 716 3873; x_wconf 91' lang='lat' dir='ltr'>hoc</span> <span class='ocrx_word' id='word_1_200' title='bbox 738 3814 860 3884; x_wconf 91' lang='lat' dir='ltr'>durum,</span> <span class='ocrx_word' id='word_1_201' title='bbox 883 3815 965 3892; x_wconf 91' lang='lat' dir='ltr'>potui</span> <span class='ocrx_word' id='word_1_202' title='bbox 987 3833 1105 3893; x_wconf 87' lang='lat' dir='ltr'>quoque</span> <span class='ocrx_word' id='word_1_203' title='bbox 1127 3815 1226 3874; x_wconf 89' lang='lat' dir='ltr'>dicere</span> <span class='ocrx_word' id='word_1_204' title='bbox 1249 3814 1367 3885; x_wconf 72' lang='lat' dir='ltr'>debes,</span> 
     </span>
     <span class='ocr_line' id='line_1_31' title="bbox 576 3914 1265 3977; baseline 0.003 -3"><span class='ocrx_word' id='word_1_205' title='bbox 576 3914 708 3975; x_wconf 81' lang='lat' dir='ltr'>Teutone</span> <span class='ocrx_word' id='word_1_206' title='bbox 731 3917 756 3974; x_wconf 90' lang='lat' dir='ltr'>si</span> <span class='ocrx_word' id='word_1_207' title='bbox 778 3916 884 3977; x_wconf 85' lang='lat' dir='ltr'>lrustra</span> <span class='ocrx_word' id='word_1_208' title='bbox 907 3934 966 3975; x_wconf 90' lang='lat' dir='ltr'>nou</span> <span class='ocrx_word' id='word_1_209' title='bbox 990 3923 1072 3976; x_wconf 85' lang='lat' dir='ltr'>vocat</span> <span class='ocrx_word' id='word_1_210' title='bbox 1096 3934 1146 3976; x_wconf 84' lang='lat' dir='ltr'>ern</span> <span class='ocrx_word' id='word_1_211' title='bbox 1169 3934 1265 3977; x_wconf 88' lang='lat' dir='ltr'>sumn.</span> 
     </span>
     <span class='ocr_line' id='line_1_32' title="bbox 505 4016 1244 4095; baseline 0.001 -19"><span class='ocrx_word' id='word_1_212' title='bbox 505 4016 546 4077; x_wconf 88' lang='lat' dir='ltr'>Te</span> <span class='ocrx_word' id='word_1_213' title='bbox 568 4017 636 4077; x_wconf 88' lang='lat' dir='ltr'>tidei</span> <span class='ocrx_word' id='word_1_214' title='bbox 657 4017 812 4078; x_wconf 84' lang='lat' dir='ltr'>commisse</span> <span class='ocrx_word' id='word_1_215' title='bbox 835 4026 892 4078; x_wconf 69' lang='lat' dir='ltr'>tuse</span> <span class='ocrx_word' id='word_1_216' title='bbox 914 4018 1071 4078; x_wconf 77' lang='lat' dir='ltr'>Germania</span> <span class='ocrx_word' id='word_1_217' title='bbox 1094 4017 1164 4095; x_wconf 76' lang='lat' dir='ltr'>legit</span> <span class='ocrx_word' id='word_1_218' title='bbox 1198 4057 1200 4061; x_wconf 92' lang='lat'>-</span> <span class='ocrx_word' id='word_1_219' title='bbox 1229 4020 1244 4045; x_wconf 60' lang='lat'>⁸</span> 
     </span>
     <span class='ocr_line' id='line_1_33' title="bbox 449 4118 1171 4198; baseline -0.001 -18"><span class='ocrx_word' id='word_1_220' title='bbox 449 4142 474 4180; x_wconf 82' lang='lat' dir='ltr'>se</span> <span class='ocrx_word' id='word_1_221' title='bbox 573 4118 714 4179; x_wconf 82' lang='lat' dir='ltr'>Tutorem</span> <span class='ocrx_word' id='word_1_222' title='bbox 738 4119 837 4196; x_wconf 92' lang='lat' dir='ltr'>populi</span> <span class='ocrx_word' id='word_1_223' title='bbox 860 4121 985 4179; x_wconf 91' lang='lat' dir='ltr'>nominis</span> <span class='ocrx_word' id='word_1_224' title='bbox 1007 4126 1095 4198; x_wconf 81' lang='lat' dir='ltr'>atque</span> <span class='ocrx_word' id='word_1_225' title='bbox 1117 4123 1171 4181; x_wconf 92' lang='lat' dir='ltr'>sui.</span> 
     </span>
    </p>
   </div>
   <div class='ocr_carea' id='block_1_3' title="bbox 350 4270 1646 5174">
    <p class='ocr_par' dir='ltr' id='par_1_3' title="bbox 350 4270 1646 5174">
     <span class='ocr_line' id='line_1_34' title="bbox 418 4270 1646 4338; baseline 0.007 -17"><span class='ocrx_word' id='word_1_226' title='bbox 418 4271 440 4303; x_wconf 79' lang='lat'>²⁶</span> <span class='ocrx_word' id='word_1_227' title='bbox 458 4270 583 4321; x_wconf 82' lang='lat' dir='ltr'>Felsinei</span> <span class='ocrx_word' id='word_1_228' title='bbox 602 4270 796 4338; x_wconf 83' lang='lat' dir='ltr'>(Bononiensis)</span> <span class='ocrx_word' id='word_1_229' title='bbox 819 4272 945 4338; x_wconf 79' lang='lat' dir='ltr'>phratrin</span> <span class='ocrx_word' id='word_1_230' title='bbox 963 4271 1085 4335; x_wconf 75' lang='lat' dir='ltr'>(fratrent</span> <span class='ocrx_word' id='word_1_231' title='bbox 1102 4274 1212 4338; x_wconf 80' lang='lat' dir='ltr'>ordinis)</span> <span class='ocrx_word' id='word_1_232' title='bbox 1231 4275 1370 4325; x_wconf 86' lang='lat' dir='ltr'>Dominici</span> <span class='ocrx_word' id='word_1_233' title='bbox 1389 4274 1433 4337; x_wconf 83' lang='lat' dir='ltr'>(de</span> <span class='ocrx_word' id='word_1_234' title='bbox 1454 4276 1573 4338; x_wconf 83' lang='lat' dir='ltr'>anman,</span> <span class='ocrx_word' id='word_1_235' title='bbox 1597 4281 1646 4330; x_wconf 76' lang='lat'><em>112·-</em></span> 
     </span>
     <span class='ocr_line' id='line_1_35' title="bbox 351 4356 1646 4422; baseline 0.006 -16"><span class='ocrx_word' id='word_1_236' title='bbox 351 4359 437 4421; x_wconf 79' lang='lat' dir='ltr'>oponi,</span> <span class='ocrx_word' id='word_1_237' title='bbox 457 4360 535 4421; x_wconf 82' lang='lat' dir='ltr'>puio.</span> <span class='ocrx_word' id='word_1_238' title='bbox 551 4358 629 4405; x_wconf 83' lang='lat'><strong><em>1220.</em></strong></span> <span class='ocrx_word' id='word_1_239' title='bbox 650 4356 776 4407; x_wconf 75' lang='lat' dir='ltr'>Bononiae</span> <span class='ocrx_word' id='word_1_240' title='bbox 790 4361 898 4422; x_wconf 68' lang='lat' dir='ltr'>primurn</span> <span class='ocrx_word' id='word_1_241' title='bbox 915 4359 1289 4420; x_wconf 72' lang='lat' dir='ltr'>conuentumsuorurnllabnit.)</span> <span class='ocrx_word' id='word_1_242' title='bbox 1333 4360 1522 4414; x_wconf 72' lang='lat' dir='ltr'>Felfineim.</span> <span class='ocrx_word' id='word_1_243' title='bbox 1564 4365 1646 4415; x_wconf 89' lang='lat' dir='ltr'>Dom-</span> 
     </span>
     <span class='ocr_line' id='line_1_36' title="bbox 354 4440 1643 4517; baseline 0.005 -26"><span class='ocrx_word' id='word_1_244' title='bbox 354 4442 448 4491; x_wconf 88' lang='lat' dir='ltr'>minici</span> <span class='ocrx_word' id='word_1_245' title='bbox 463 4445 519 4490; x_wconf 88' lang='grc'><em>1.2.</em></span> <span class='ocrx_word' id='word_1_246' title='bbox 589 4440 612 4473; x_wconf 83' lang='lat'>²⁷</span> <span class='ocrx_word' id='word_1_247' title='bbox 629 4443 983 4507; x_wconf 77' lang='lat' dir='ltr'>sophizmopistrtnostri.</span> <span class='ocrx_word' id='word_1_248' title='bbox 1019 4440 1061 4517; x_wconf 24' lang='lat'>&#39;⁸¹</span> <span class='ocrx_word' id='word_1_249' title='bbox 1077 4443 1214 4495; x_wconf 63' lang='lat' dir='ltr'>annes.</span> <span class='ocrx_word' id='word_1_250' title='bbox 1267 4442 1290 4476; x_wconf 78' lang='lat'>³⁶</span> <span class='ocrx_word' id='word_1_251' title='bbox 1302 4445 1410 4495; x_wconf 79' lang='lat' dir='ltr'>caedcre</span> <span class='ocrx_word' id='word_1_252' title='bbox 1424 4450 1498 4497; x_wconf 80' lang='lat'><strong><em>1...3.</em></strong></span> <span class='ocrx_word' id='word_1_253' title='bbox 1561 4448 1643 4514; x_wconf 79' lang='lat' dir='ltr'>³⁰p&#39;e·</span> 
     </span>
     <span class='ocr_line' id='line_1_37' title="bbox 353 4524 1644 4598; baseline 0.006 -23"><span class='ocrx_word' id='word_1_254' title='bbox 353 4532 457 4577; x_wconf 86' lang='lat' dir='ltr'>teretur</span> <span class='ocrx_word' id='word_1_255' title='bbox 471 4531 496 4576; x_wconf 85' lang='grc'>3.</span> <span class='ocrx_word' id='word_1_256' title='bbox 566 4525 588 4557; x_wconf 81' lang='lat'>³⁹</span> <span class='ocrx_word' id='word_1_257' title='bbox 602 4528 641 4577; x_wconf 89' lang='lat' dir='ltr'>Ne</span> <span class='ocrx_word' id='word_1_258' title='bbox 655 4534 685 4578; x_wconf 89' lang='lat' dir='ltr'>tu</span> <span class='ocrx_word' id='word_1_259' title='bbox 699 4531 724 4578; x_wconf 85' lang='lat'>3.</span> <span class='ocrx_word' id='word_1_260' title='bbox 789 4524 940 4578; x_wconf 71' lang='lat' dir='ltr'>“Henrici</span> <span class='ocrx_word' id='word_1_261' title='bbox 955 4530 981 4578; x_wconf 79' lang='lat'>3.</span> <span class='ocrx_word' id='word_1_262' title='bbox 1051 4531 1177 4580; x_wconf 77' lang='lat' dir='ltr'>Henrirdi</span> <span class='ocrx_word' id='word_1_263' title='bbox 1197 4529 1263 4579; x_wconf 88' lang='lat' dir='ltr'><em>VII.</em></span> <span class='ocrx_word' id='word_1_264' title='bbox 1333 4527 1354 4561; x_wconf 77' lang='lat'>⁴³</span> <span class='ocrx_word' id='word_1_265' title='bbox 1372 4531 1565 4598; x_wconf 83' lang='lat' dir='ltr'>Hieronymus]</span> <span class='ocrx_word' id='word_1_266' title='bbox 1596 4533 1644 4582; x_wconf 84' lang='lat' dir='ltr'>Sn-</span> 
     </span>
     <span class='ocr_line' id='line_1_38' title="bbox 352 4611 1646 4678; baseline 0.004 -17"><span class='ocrx_word' id='word_1_267' title='bbox 352 4618 474 4663; x_wconf 87' lang='lat' dir='ltr'>oonorola</span> <span class='ocrx_word' id='word_1_268' title='bbox 491 4631 515 4662; x_wconf 86' lang='lat' dir='ltr'>a.</span> <span class='ocrx_word' id='word_1_269' title='bbox 538 4614 616 4662; x_wconf 77' lang='lat' dir='ltr'>uss.</span> <span class='ocrx_word' id='word_1_270' title='bbox 635 4614 784 4664; x_wconf 81' lang='lat' dir='ltr'>combustus.</span> <span class='ocrx_word' id='word_1_271' title='bbox 836 4611 859 4644; x_wconf 82' lang='lat'>⁴⁴</span> <span class='ocrx_word' id='word_1_272' title='bbox 876 4611 1031 4678; x_wconf 73' lang='lat' dir='ltr'>rigandus]</span> <span class='ocrx_word' id='word_1_273' title='bbox 1056 4615 1153 4671; x_wconf 61' lang='lat' dir='ltr'>uti-tn,</span> <span class='ocrx_word' id='word_1_274' title='bbox 1173 4616 1363 4672; x_wconf 79' lang='lat' dir='ltr'>Donninicnnus,</span> <span class='ocrx_word' id='word_1_275' title='bbox 1383 4616 1524 4666; x_wconf 82' lang='lat' dir='ltr'>Bernensts</span> <span class='ocrx_word' id='word_1_276' title='bbox 1541 4619 1646 4666; x_wconf 77' lang='lat' dir='ltr'>sceleris</span> 
     </span>
     <span class='ocr_line' id='line_1_39' title="bbox 351 4696 1646 4761; baseline 0.002 -14"><span class='ocrx_word' id='word_1_277' title='bbox 351 4714 440 4757; x_wconf 77' lang='lat' dir='ltr'>omno,</span> <span class='ocrx_word' id='word_1_278' title='bbox 460 4699 743 4749; x_wconf 78' lang='lat' dir='ltr'>o.1509.cornbustns.</span> <span class='ocrx_word' id='word_1_279' title='bbox 813 4696 835 4729; x_wconf 78' lang='lat'>⁴⁵</span> <span class='ocrx_word' id='word_1_280' title='bbox 852 4699 974 4749; x_wconf 85' lang='lat' dir='ltr'>Ictferns</span> <span class='ocrx_word' id='word_1_281' title='bbox 988 4701 1011 4746; x_wconf 86' lang='lat'>1.</span> <span class='ocrx_word' id='word_1_282' title='bbox 1048 4699 1251 4749; x_wconf 79' lang='lat' dir='ltr'>Letierns2.3.</span> <span class='ocrx_word' id='word_1_283' title='bbox 1288 4701 1331 4750; x_wconf 91' lang='lat' dir='ltr'>De</span> <span class='ocrx_word' id='word_1_284' title='bbox 1349 4700 1457 4749; x_wconf 81' lang='lat' dir='ltr'>Ietnero</span> <span class='ocrx_word' id='word_1_285' title='bbox 1475 4705 1589 4761; x_wconf 81' lang='lat' dir='ltr'>sertore,</span> <span class='ocrx_word' id='word_1_286' title='bbox 1610 4700 1646 4749; x_wconf 80' lang='lat' dir='ltr'>sd</span> 
     </span>
     <span class='ocr_line' id='line_1_40' title="bbox 352 4771 1644 4850; baseline 0.001 -18"><span class='ocrx_word' id='word_1_287' title='bbox 352 4784 425 4832; x_wconf 87' lang='lat' dir='ltr'>istud</span> <span class='ocrx_word' id='word_1_288' title='bbox 443 4784 534 4833; x_wconf 83' lang='lat' dir='ltr'>scelus</span> <span class='ocrx_word' id='word_1_289' title='bbox 553 4784 767 4850; x_wconf 81' lang='lat' dir='ltr'>perpetrandum</span> <span class='ocrx_word' id='word_1_290' title='bbox 786 4784 911 4833; x_wconf 78' lang='lat' dir='ltr'>adhibito</span> <span class='ocrx_word' id='word_1_291' title='bbox 930 4785 1040 4834; x_wconf 89' lang='lat' dir='ltr'>homine</span> <span class='ocrx_word' id='word_1_292' title='bbox 1062 4799 1150 4834; x_wconf 88' lang='lat' dir='ltr'>sermo</span> <span class='ocrx_word' id='word_1_293' title='bbox 1170 4790 1220 4834; x_wconf 85' lang='lat' dir='ltr'>est.</span> <span class='ocrx_word' id='word_1_294' title='bbox 1283 4771 1306 4815; x_wconf 64' lang='lat' dir='ltr'>‘l</span> <span class='ocrx_word' id='word_1_295' title='bbox 1324 4784 1491 4834; x_wconf 82' lang='lat' dir='ltr'>Porisiensio</span> <span class='ocrx_word' id='word_1_296' title='bbox 1509 4784 1644 4833; x_wconf 86' lang='lat' dir='ltr'>universi-</span> 
     </span>
     <span class='ocr_line' id='line_1_41' title="bbox 352 4869 1645 4933; baseline 0.002 -17"><span class='ocrx_word' id='word_1_297' title='bbox 352 4869 419 4917; x_wconf 83' lang='lat' dir='ltr'>tstie</span> <span class='ocrx_word' id='word_1_298' title='bbox 443 4873 541 4917; x_wconf 80' lang='lat' dir='ltr'>eontra</span> <span class='ocrx_word' id='word_1_299' title='bbox 551 4869 749 4918; x_wconf 82' lang='lat' dir='ltr'>Dominieanos</span> <span class='ocrx_word' id='word_1_300' title='bbox 768 4869 966 4919; x_wconf 78' lang='lat' dir='ltr'>inmaculatum</span> <span class='ocrx_word' id='word_1_301' title='bbox 976 4870 1073 4917; x_wconf 82' lang='lat' dir='ltr'>Morioe</span> <span class='ocrx_word' id='word_1_302' title='bbox 1097 4870 1307 4933; x_wconf 82' lang='lat' dir='ltr'>conceptionem</span> <span class='ocrx_word' id='word_1_303' title='bbox 1326 4873 1461 4933; x_wconf 80' lang='lat' dir='ltr'>negantes</span> <span class='ocrx_word' id='word_1_304' title='bbox 1480 4873 1645 4933; x_wconf 78' lang='lat' dir='ltr'>argumente</span> 
     </span>
     <span class='ocr_line' id='line_1_42' title="bbox 351 4951 1643 5018; baseline -0.001 -16"><span class='ocrx_word' id='word_1_305' title='bbox 351 4958 379 5002; x_wconf 88' lang='lat' dir='ltr'>et</span> <span class='ocrx_word' id='word_1_306' title='bbox 393 4952 536 5012; x_wconf 78' lang='lat' dir='ltr'>concluse,</span> <span class='ocrx_word' id='word_1_307' title='bbox 557 4954 590 5003; x_wconf 89' lang='lat' dir='ltr'>de</span> <span class='ocrx_word' id='word_1_308' title='bbox 607 4954 705 5018; x_wconf 88' lang='lat' dir='ltr'>quibus</span> <span class='ocrx_word' id='word_1_309' title='bbox 721 4954 757 5003; x_wconf 91' lang='lat' dir='ltr'>cf.</span> <span class='ocrx_word' id='word_1_310' title='bbox 769 4970 792 5003; x_wconf 90' lang='lat' dir='ltr'>e.</span> <span class='ocrx_word' id='word_1_311' title='bbox 808 4970 848 5018; x_wconf 81' lang='lat' dir='ltr'>gr.</span> <span class='ocrx_word' id='word_1_312' title='bbox 865 4953 1030 5003; x_wconf 80' lang='lat' dir='ltr'>Schriiekhii</span> <span class='ocrx_word' id='word_1_313' title='bbox 1040 4953 1238 5017; x_wconf 76' lang='lat' dir='ltr'>Kircllenpeselt.</span> <span class='ocrx_word' id='word_1_314' title='bbox 1257 4952 1385 5002; x_wconf 84' lang='lat' dir='ltr'>xxxln.</span> <span class='ocrx_word' id='word_1_315' title='bbox 1405 4969 1429 5017; x_wconf 90' lang='lat' dir='ltr'>p.</span> <span class='ocrx_word' id='word_1_316' title='bbox 1441 4952 1499 5003; x_wconf 76' lang='grc'><strong>365.</strong></span> <span class='ocrx_word' id='word_1_317' title='bbox 1513 4968 1570 5018; x_wconf 87' lang='lat' dir='ltr'>sqq.</span> <span class='ocrx_word' id='word_1_318' title='bbox 1584 4951 1643 5003; x_wconf 82' lang='lat'>380.</span> 
     </span>
     <span class='ocr_line' id='line_1_43' title="bbox 350 5034 1643 5103; baseline 0.002 -17"><span class='ocrx_word' id='word_1_319' title='bbox 350 5034 371 5066; x_wconf 59' lang='grc' dir='ltr'><em>Μ</em></span> <span class='ocrx_word' id='word_1_320' title='bbox 383 5038 511 5088; x_wconf 84' lang='lat' dir='ltr'>Teutono</span> <span class='ocrx_word' id='word_1_321' title='bbox 584 5035 672 5102; x_wconf 88' lang='lat' dir='ltr'>snum]</span> <span class='ocrx_word' id='word_1_322' title='bbox 691 5039 864 5099; x_wconf 76' lang='lat' dir='ltr'>Hadrianus,</span> <span class='ocrx_word' id='word_1_323' title='bbox 884 5042 983 5103; x_wconf 77' lang='lat' dir='ltr'>posteo</span> <span class='ocrx_word' id='word_1_324' title='bbox 1001 5038 1127 5103; x_wconf 77' lang='lat' dir='ltr'>pontifex</span> <span class='ocrx_word' id='word_1_325' title='bbox 1146 5039 1280 5088; x_wconf 83' lang='lat' dir='ltr'>maximus</span> <span class='ocrx_word' id='word_1_326' title='bbox 1299 5039 1405 5100; x_wconf 81' lang='lat' dir='ltr'>lectus,</span> <span class='ocrx_word' id='word_1_327' title='bbox 1430 5038 1558 5088; x_wconf 74' lang='lat' dir='ltr'>Traiecti</span> <span class='ocrx_word' id='word_1_328' title='bbox 1577 5037 1643 5088; x_wconf 83' lang='lat' dir='ltr'>Ger-</span> 
     </span>
     <span class='ocr_line' id='line_1_44' title="bbox 350 5120 897 5174; baseline 0.007 -5"><span class='ocrx_word' id='word_1_329' title='bbox 350 5121 450 5170; x_wconf 76' lang='lat' dir='ltr'>mnniae</span> <span class='ocrx_word' id='word_1_330' title='bbox 468 5120 609 5173; x_wconf 77' lang='lat' dir='ltr'>inferioris</span> <span class='ocrx_word' id='word_1_331' title='bbox 626 5127 708 5173; x_wconf 81' lang='lat' dir='ltr'>nutus</span> <span class='ocrx_word' id='word_1_332' title='bbox 727 5126 770 5174; x_wconf 84' lang='lat' dir='ltr'>est</span> <span class='ocrx_word' id='word_1_333' title='bbox 783 5139 808 5173; x_wconf 79' lang='lat' dir='ltr'>n.</span> <span class='ocrx_word' id='word_1_334' title='bbox 823 5121 897 5174; x_wconf 69' lang='lat'>1459.</span> 
     </span>
    </p>
   </div>
   <div class='ocr_carea' id='block_1_4' title="bbox 0 0 2038 6209">
    <p class='ocr_par' dir='ltr' id='par_1_4' title="bbox 0 0 2038 6209">
     <span class='ocr_line' id='line_1_45' title="bbox 0 0 2038 6209; baseline 0 1"><span class='ocrx_word' id='word_1_335' title='bbox 0 0 2038 6209; x_wconf 95' lang='lat' dir='ltr'> </span> 
     </span>
    </p>
   </div>
  </div>
 </body>
</html>
