<?xml version="1.0" encoding="UTF-8"?>
<!DOCTYPE html PUBLIC "-//W3C//DTD XHTML 1.0 Transitional//EN"
    "http://www.w3.org/TR/xhtml1/DTD/xhtml1-transitional.dtd">
<html xmlns="http://www.w3.org/1999/xhtml" xml:lang="en" lang="en">
 <head>
  <title>
</title>
<meta http-equiv="Content-Type" content="text/html;charset=utf-8" />
  <meta name='ocr-system' content='tesseract 3.04.00' />
  <meta name='ocr-capabilities' content='ocr_page ocr_carea ocr_par ocr_line ocrx_word'/>
</head>
<body>
  <div class='ocr_page' id='page_1' title='image "./ulrichihuttenie03huttgoog_0292.png"; bbox 0 0 4067 6209; ppageno 0'>
   <div class='ocr_carea' id='block_1_1' title="bbox 456 757 1750 832">
    <p class='ocr_par' dir='ltr' id='par_1_1' title="bbox 456 757 1750 832">
     <span class='ocr_line' id='line_1_1' title="bbox 456 757 1750 832; baseline -0.004 -7"><span class='ocrx_word' id='word_1_1' title='bbox 456 757 528 832; x_wconf 85' lang='grc'><strong>160</strong></span> <span class='ocrx_word' id='word_1_2' title='bbox 559 770 644 825; x_wconf 79' lang='lat' dir='ltr'><strong>Lxx.</strong></span> <span class='ocrx_word' id='word_1_3' title='bbox 658 782 1045 823; x_wconf 77' lang='lat' dir='ltr'><strong>nvrr.nnnnou.x.rnnr.1n</strong></span> <span class='ocrx_word' id='word_1_4' title='bbox 1059 783 1141 821; x_wconf 72' lang='lat' dir='ltr'><strong>mvn.</strong></span> <span class='ocrx_word' id='word_1_5' title='bbox 1151 784 1249 822; x_wconf 68' lang='lat' dir='ltr'><strong>ossan</strong></span> <span class='ocrx_word' id='word_1_6' title='bbox 1260 784 1295 821; x_wconf 80' lang='lat' dir='ltr'><strong>ns</strong></span> <span class='ocrx_word' id='word_1_7' title='bbox 1306 783 1513 822; x_wconf 73' lang='lat' dir='ltr'><strong>nonanconsr.</strong></span> <span class='ocrx_word' id='word_1_8' title='bbox 1522 783 1580 821; x_wconf 80' lang='lat' dir='ltr'><strong>nin.</strong></span> <span class='ocrx_word' id='word_1_9' title='bbox 1589 779 1679 821; x_wconf 76' lang='lat' dir='ltr'><strong>tnnc.</strong></span> <span class='ocrx_word' id='word_1_10' title='bbox 1688 777 1750 821; x_wconf 76' lang='lat'><strong>¹517.</strong></span> 
     </span>
    </p>
   </div>
   <div class='ocr_carea' id='block_1_2' title="bbox 363 940 1833 4788">
    <p class='ocr_par' dir='ltr' id='par_1_2' title="bbox 363 940 1833 4788">
     <span class='ocr_line' id='line_1_2' title="bbox 363 940 1753 1025; baseline -0.002 -19"><span class='ocrx_word' id='word_1_11' title='bbox 363 972 374 988; x_wconf 48' lang='grc' dir='ltr'><strong>ν</strong></span> <span class='ocrx_word' id='word_1_12' title='bbox 454 945 530 1025; x_wconf 89' lang='lat' dir='ltr'><strong>proh</strong></span> <span class='ocrx_word' id='word_1_13' title='bbox 552 943 667 1004; x_wconf 85' lang='lat' dir='ltr'><strong>Christe</strong></span> <span class='ocrx_word' id='word_1_14' title='bbox 689 943 809 1020; x_wconf 78' lang='lat' dir='ltr'><strong>penitet</strong></span> <span class='ocrx_word' id='word_1_15' title='bbox 830 941 870 1001; x_wconf 90' lang='lat' dir='ltr'><strong>ibi</strong></span> <span class='ocrx_word' id='word_1_16' title='bbox 892 941 1038 1002; x_wconf 88' lang='lat' dir='ltr'><strong>maiorum</strong></span> <span class='ocrx_word' id='word_1_17' title='bbox 1060 948 1245 1010; x_wconf 91' lang='lat' dir='ltr'><strong>nostrorum,</strong></span> <span class='ocrx_word' id='word_1_18' title='bbox 1279 943 1329 1020; x_wconf 92' lang='lat' dir='ltr'><strong>qui</strong></span> <span class='ocrx_word' id='word_1_19' title='bbox 1352 942 1394 1002; x_wconf 92' lang='lat' dir='ltr'><strong>sic</strong></span> <span class='ocrx_word' id='word_1_20' title='bbox 1423 940 1520 1002; x_wconf 90' lang='lat' dir='ltr'><strong>obtusi</strong></span> <span class='ocrx_word' id='word_1_21' title='bbox 1550 942 1685 1012; x_wconf 82' lang='lat' dir='ltr'><strong>luerunt,</strong></span> <span class='ocrx_word' id='word_1_22' title='bbox 1721 951 1753 1003; x_wconf 96' lang='lat' dir='ltr'><strong>ut</strong></span> 
     </span>
     <span class='ocr_line' id='line_1_3' title="bbox 456 1043 1753 1122; baseline -0.003 -14"><span class='ocrx_word' id='word_1_23' title='bbox 456 1066 508 1108; x_wconf 89' lang='lat' dir='ltr'><strong>eos</strong></span> <span class='ocrx_word' id='word_1_24' title='bbox 530 1043 642 1105; x_wconf 75' lang='lat' dir='ltr'><strong>[aderet</strong></span> <span class='ocrx_word' id='word_1_25' title='bbox 664 1045 760 1122; x_wconf 87' lang='lat' dir='ltr'><strong>captio</strong></span> <span class='ocrx_word' id='word_1_26' title='bbox 782 1043 882 1120; x_wconf 91' lang='lat' dir='ltr'><strong>pueris</strong></span> <span class='ocrx_word' id='word_1_27' title='bbox 904 1044 991 1103; x_wconf 89' lang='lat' dir='ltr'><strong>etiam</strong></span> <span class='ocrx_word' id='word_1_28' title='bbox 1014 1045 1132 1121; x_wconf 86' lang='lat' dir='ltr'><strong>cognitu</strong></span> <span class='ocrx_word' id='word_1_29' title='bbox 1155 1043 1261 1103; x_wconf 80' lang='lat' dir='ltr'><strong>tacitis:</strong></span> <span class='ocrx_word' id='word_1_30' title='bbox 1284 1044 1336 1104; x_wconf 91' lang='lat' dir='ltr'><strong>sed</strong></span> <span class='ocrx_word' id='word_1_31' title='bbox 1360 1063 1395 1104; x_wconf 90' lang='lat' dir='ltr'><strong>eo</strong></span> <span class='ocrx_word' id='word_1_32' title='bbox 1418 1045 1520 1104; x_wconf 88' lang='lat' dir='ltr'><strong>maiori</strong></span> <span class='ocrx_word' id='word_1_33' title='bbox 1537 1046 1618 1104; x_wconf 83' lang='lat' dir='ltr'><strong>fraus</strong></span> <span class='ocrx_word' id='word_1_34' title='bbox 1632 1043 1753 1104; x_wconf 93' lang='lat' dir='ltr'><strong>illorum</strong></span> 
     </span>
     <span class='ocr_line' id='line_1_4' title="bbox 387 1144 1752 1225; baseline -0.006 -12"><span class='ocrx_word' id='word_1_35' title='bbox 387 1150 524 1213; x_wconf 64' lang='lat' dir='ltr'><strong>§.modio</strong></span> <span class='ocrx_word' id='word_1_36' title='bbox 547 1147 634 1225; x_wconf 87' lang='lat' dir='ltr'><strong>digna</strong></span> <span class='ocrx_word' id='word_1_37' title='bbox 657 1153 713 1216; x_wconf 91' lang='lat' dir='ltr'><strong>est,</strong></span> <span class='ocrx_word' id='word_1_38' title='bbox 747 1164 806 1224; x_wconf 95' lang='lat' dir='ltr'><strong>quo</strong></span> <span class='ocrx_word' id='word_1_39' title='bbox 829 1146 958 1205; x_wconf 87' lang='lat' dir='ltr'><strong>deterius</strong></span> <span class='ocrx_word' id='word_1_40' title='bbox 980 1144 1165 1223; x_wconf 74' lang='lat' dir='ltr'><strong>simplicitate</strong></span> <span class='ocrx_word' id='word_1_41' title='bbox 1186 1145 1270 1206; x_wconf 88' lang='lat' dir='ltr'><strong>abusi</strong></span> <span class='ocrx_word' id='word_1_42' title='bbox 1298 1153 1366 1206; x_wconf 91' lang='lat' dir='ltr'><strong>sunt</strong></span> <span class='ocrx_word' id='word_1_43' title='bbox 1394 1154 1502 1205; x_wconf 93' lang='lat' dir='ltr'><strong>nostra.</strong></span> <span class='ocrx_word' id='word_1_44' title='bbox 1547 1145 1642 1206; x_wconf 81' lang='lat' dir='ltr'><strong>Tuam</strong></span> <span class='ocrx_word' id='word_1_45' title='bbox 1671 1165 1752 1215; x_wconf 82' lang='lat' dir='ltr'><strong>vero,</strong></span> 
     </span>
     <span class='ocr_line' id='line_1_5' title="bbox 455 1246 1753 1325; baseline -0.004 -13"><span class='ocrx_word' id='word_1_46' title='bbox 455 1250 623 1312; x_wconf 80' lang='lat' dir='ltr'><strong>beatissime</strong></span> <span class='ocrx_word' id='word_1_47' title='bbox 645 1246 720 1316; x_wconf 89' lang='lat' dir='ltr'><strong>Leo,</strong></span> <span class='ocrx_word' id='word_1_48' title='bbox 756 1248 822 1325; x_wconf 89' lang='lat' dir='ltr'><strong>quis</strong></span> <span class='ocrx_word' id='word_1_49' title='bbox 844 1248 913 1306; x_wconf 91' lang='lat' dir='ltr'><strong>satis</strong></span> <span class='ocrx_word' id='word_1_50' title='bbox 935 1247 1073 1307; x_wconf 89' lang='lat' dir='ltr'><strong>admirari</strong></span> <span class='ocrx_word' id='word_1_51' title='bbox 1095 1254 1192 1325; x_wconf 89' lang='lat' dir='ltr'><strong>potest</strong></span> <span class='ocrx_word' id='word_1_52' title='bbox 1213 1246 1395 1316; x_wconf 82' lang='lat' dir='ltr'><strong>felicitatem,</strong></span> <span class='ocrx_word' id='word_1_53' title='bbox 1432 1249 1461 1306; x_wconf 94' lang='lat' dir='ltr'><strong>in</strong></span> <span class='ocrx_word' id='word_1_54' title='bbox 1484 1266 1543 1325; x_wconf 90' lang='lat' dir='ltr'><strong>qno</strong></span> <span class='ocrx_word' id='word_1_55' title='bbox 1565 1249 1651 1307; x_wconf 84' lang='lat' dir='ltr'><strong>istam</strong></span> <span class='ocrx_word' id='word_1_56' title='bbox 1678 1249 1753 1308; x_wconf 83' lang='lat' dir='ltr'><strong>verti</strong></span> 
     </span>
     <span class='ocr_line' id='line_1_6' title="bbox 456 1348 1774 1428; baseline -0.008 -14"><span class='ocrx_word' id='word_1_57' title='bbox 456 1352 577 1428; x_wconf 88' lang='lat' dir='ltr'><strong>contigit</strong></span> <span class='ocrx_word' id='word_1_58' title='bbox 599 1350 628 1408; x_wconf 91' lang='lat' dir='ltr'><strong>in</strong></span> <span class='ocrx_word' id='word_1_59' title='bbox 650 1348 754 1409; x_wconf 90' lang='lat' dir='ltr'><strong>melius</strong></span> <span class='ocrx_word' id='word_1_60' title='bbox 776 1349 948 1425; x_wconf 87' lang='lat' dir='ltr'><strong>pontificum</strong></span> <span class='ocrx_word' id='word_1_61' title='bbox 970 1350 1178 1409; x_wconf 78' lang='lat' dir='ltr'><strong>mutationem?</strong></span> <span class='ocrx_word' id='word_1_62' title='bbox 1211 1348 1330 1408; x_wconf 88' lang='lat' dir='ltr'><strong>habebit</strong></span> <span class='ocrx_word' id='word_1_63' title='bbox 1360 1350 1437 1409; x_wconf 90' lang='lat' dir='ltr'><strong>enim</strong></span> <span class='ocrx_word' id='word_1_64' title='bbox 1467 1348 1604 1409; x_wconf 89' lang='lat' dir='ltr'><strong>meliores</strong></span> <span class='ocrx_word' id='word_1_65' title='bbox 1634 1349 1670 1409; x_wconf 87' lang='lat' dir='ltr'><strong>ab</strong></span> <span class='ocrx_word' id='word_1_66' title='bbox 1694 1350 1774 1408; x_wconf 72' lang='lat' dir='ltr'><strong>hocs</strong></span> 
     </span>
     <span class='ocr_line' id='line_1_7' title="bbox 455 1449 1752 1531; baseline -0.005 -16"><span class='ocrx_word' id='word_1_67' title='bbox 455 1462 590 1531; x_wconf 87' lang='lat' dir='ltr'><strong>tempore</strong></span> <span class='ocrx_word' id='word_1_68' title='bbox 613 1451 765 1529; x_wconf 85' lang='lat' dir='ltr'><strong>pontifices</strong></span> <span class='ocrx_word' id='word_1_69' title='bbox 787 1449 925 1519; x_wconf 89' lang='lat' dir='ltr'><strong>ecclesia,</strong></span> <span class='ocrx_word' id='word_1_70' title='bbox 955 1451 1011 1509; x_wconf 89' lang='lat' dir='ltr'><strong>nisi</strong></span> <span class='ocrx_word' id='word_1_71' title='bbox 1034 1469 1093 1510; x_wconf 92' lang='lat' dir='ltr'><strong>uon</strong></span> <span class='ocrx_word' id='word_1_72' title='bbox 1116 1469 1150 1510; x_wconf 83' lang='lat' dir='ltr'><strong>cn</strong></span> <span class='ocrx_word' id='word_1_73' title='bbox 1173 1452 1270 1510; x_wconf 86' lang='lat' dir='ltr'><strong>animo</strong></span> <span class='ocrx_word' id='word_1_74' title='bbox 1292 1452 1343 1510; x_wconf 87' lang='lat' dir='ltr'><strong>liat</strong></span> <span class='ocrx_word' id='word_1_75' title='bbox 1364 1452 1417 1510; x_wconf 93' lang='lat' dir='ltr'><strong>ista</strong></span> <span class='ocrx_word' id='word_1_76' title='bbox 1440 1451 1610 1528; x_wconf 90' lang='lat' dir='ltr'><strong>promissi0;</strong></span> <span class='ocrx_word' id='word_1_77' title='bbox 1640 1450 1692 1509; x_wconf 93' lang='lat' dir='ltr'><strong>sed</strong></span> <span class='ocrx_word' id='word_1_78' title='bbox 1717 1469 1752 1509; x_wconf 81' lang='lat' dir='ltr'><strong>ex</strong></span> 
     </span>
     <span class='ocr_line' id='line_1_8' title="bbox 456 1550 1751 1630; baseline -0.005 -14"><span class='ocrx_word' id='word_1_79' title='bbox 456 1557 554 1617; x_wconf 90' lang='lat' dir='ltr'><strong>animo</strong></span> <span class='ocrx_word' id='word_1_80' title='bbox 576 1556 623 1623; x_wconf 85' lang='lat' dir='ltr'><strong>fit;</strong></span> <span class='ocrx_word' id='word_1_81' title='bbox 647 1560 735 1630; x_wconf 92' lang='lat' dir='ltr'><strong>atque</strong></span> <span class='ocrx_word' id='word_1_82' title='bbox 757 1553 845 1630; x_wconf 89' lang='lat' dir='ltr'><strong>igitur</strong></span> <span class='ocrx_word' id='word_1_83' title='bbox 867 1551 1000 1629; x_wconf 72' lang='lat' dir='ltr'><strong>quaedam</strong></span> <span class='ocrx_word' id='word_1_84' title='bbox 1024 1560 1068 1611; x_wconf 90' lang='lat' dir='ltr'><strong>est</strong></span> <span class='ocrx_word' id='word_1_85' title='bbox 1090 1552 1152 1612; x_wconf 83' lang='lat' dir='ltr'><strong>haec</strong></span> <span class='ocrx_word' id='word_1_86' title='bbox 1173 1552 1278 1611; x_wconf 90' lang='lat' dir='ltr'><strong>iniuria</strong></span> <span class='ocrx_word' id='word_1_87' title='bbox 1301 1560 1350 1612; x_wconf 90' lang='lat' dir='ltr'><strong>tua</strong></span> <span class='ocrx_word' id='word_1_88' title='bbox 1373 1551 1409 1610; x_wconf 92' lang='lat' dir='ltr'><strong>ab</strong></span> <span class='ocrx_word' id='word_1_89' title='bbox 1433 1552 1467 1611; x_wconf 88' lang='lat' dir='ltr'><strong>iis</strong></span> <span class='ocrx_word' id='word_1_90' title='bbox 1482 1553 1532 1630; x_wconf 93' lang='lat' dir='ltr'><strong>qui</strong></span> <span class='ocrx_word' id='word_1_91' title='bbox 1548 1550 1592 1612; x_wconf 87' lang='lat' dir='ltr'><strong>vel</strong></span> <span class='ocrx_word' id='word_1_92' title='bbox 1607 1551 1751 1620; x_wconf 88' lang='lat' dir='ltr'><strong>dubitant,</strong></span> 
     </span>
     <span class='ocr_line' id='line_1_9' title="bbox 457 1652 1753 1733; baseline -0.006 -14"><span class='ocrx_word' id='word_1_93' title='bbox 457 1666 558 1720; x_wconf 79' lang='lat' dir='ltr'><strong>contra</strong></span> <span class='ocrx_word' id='word_1_94' title='bbox 582 1654 833 1733; x_wconf 89' lang='lat' dir='ltr'><strong>impudentissime</strong></span> <span class='ocrx_word' id='word_1_95' title='bbox 856 1654 981 1713; x_wconf 86' lang='lat' dir='ltr'><strong>effictam</strong></span> <span class='ocrx_word' id='word_1_96' title='bbox 997 1652 1176 1713; x_wconf 85' lang='lat' dir='ltr'><strong>Constantini</strong></span> <span class='ocrx_word' id='word_1_97' title='bbox 1199 1654 1386 1714; x_wconf 90' lang='lat' dir='ltr'><strong>donationem</strong></span> <span class='ocrx_word' id='word_1_98' title='bbox 1408 1654 1571 1714; x_wconf 78' lang='lat' dir='ltr'><strong>scribentes</strong></span> <span class='ocrx_word' id='word_1_99' title='bbox 1586 1671 1623 1713; x_wconf 87' lang='lat' dir='ltr'><strong>an</strong></span> <span class='ocrx_word' id='word_1_100' title='bbox 1639 1653 1753 1714; x_wconf 87' lang='lat' dir='ltr'><strong>laturus</strong></span> 
     </span>
     <span class='ocr_line' id='line_1_10' title="bbox 457 1753 1751 1833; baseline -0.005 -14"><span class='ocrx_word' id='word_1_101' title='bbox 457 1761 513 1819; x_wconf 87' lang='lat' dir='ltr'><strong>sis:</strong></span> <span class='ocrx_word' id='word_1_102' title='bbox 537 1760 565 1817; x_wconf 92' lang='lat' dir='ltr'><strong>in</strong></span> <span class='ocrx_word' id='word_1_103' title='bbox 588 1756 652 1816; x_wconf 93' lang='lat' dir='ltr'><strong>illos</strong></span> <span class='ocrx_word' id='word_1_104' title='bbox 675 1774 742 1816; x_wconf 84' lang='lat' dir='ltr'><strong>vere</strong></span> <span class='ocrx_word' id='word_1_105' title='bbox 764 1755 927 1816; x_wconf 89' lang='lat' dir='ltr'><strong>detestandi</strong></span> <span class='ocrx_word' id='word_1_106' title='bbox 949 1753 1069 1816; x_wconf 90' lang='lat' dir='ltr'><strong>sceleris</strong></span> <span class='ocrx_word' id='word_1_107' title='bbox 1091 1764 1306 1816; x_wconf 83' lang='lat' dir='ltr'><strong>commentores</strong></span> <span class='ocrx_word' id='word_1_108' title='bbox 1328 1757 1481 1833; x_wconf 86' lang='lat' dir='ltr'><strong>pontifices</strong></span> <span class='ocrx_word' id='word_1_109' title='bbox 1503 1756 1600 1815; x_wconf 89' lang='lat' dir='ltr'><strong>onmia</strong></span> <span class='ocrx_word' id='word_1_110' title='bbox 1622 1754 1751 1815; x_wconf 86' lang='lat' dir='ltr'><strong>acerbis-</strong></span> 
     </span>
     <span class='ocr_line' id='line_1_11' title="bbox 389 1856 1785 1936; baseline -0.006 -16"><span class='ocrx_word' id='word_1_111' title='bbox 389 1877 407 1927; x_wconf 77' lang='lat' dir='ltr'><strong>o.</strong></span> <span class='ocrx_word' id='word_1_112' title='bbox 414 1879 448 1920; x_wconf 81' lang='lat' dir='ltr'><strong>ao.</strong></span> <span class='ocrx_word' id='word_1_113' title='bbox 458 1862 530 1922; x_wconf 90' lang='lat' dir='ltr'><strong>sima</strong></span> <span class='ocrx_word' id='word_1_114' title='bbox 554 1860 630 1918; x_wconf 86' lang='lat' dir='ltr'><strong>dicta</strong></span> <span class='ocrx_word' id='word_1_115' title='bbox 653 1858 808 1935; x_wconf 88' lang='lat' dir='ltr'><strong>omniaque</strong></span> <span class='ocrx_word' id='word_1_116' title='bbox 823 1858 1003 1917; x_wconf 79' lang='lat' dir='ltr'><strong>ferocissima</strong></span> <span class='ocrx_word' id='word_1_117' title='bbox 1020 1858 1095 1916; x_wconf 85' lang='lat' dir='ltr'><strong>iacta</strong></span> <span class='ocrx_word' id='word_1_118' title='bbox 1111 1858 1294 1917; x_wconf 86' lang='lat' dir='ltr'><strong>conveniunt.</strong></span> <span class='ocrx_word' id='word_1_119' title='bbox 1333 1858 1448 1936; x_wconf 89' lang='lat' dir='ltr'><strong>quidni,</strong></span> <span class='ocrx_word' id='word_1_120' title='bbox 1471 1858 1501 1917; x_wconf 93' lang='lat' dir='ltr'><strong>iu</strong></span> <span class='ocrx_word' id='word_1_121' title='bbox 1516 1856 1749 1935; x_wconf 88' lang='lat' dir='ltr'><strong>depeculatores‚</strong></span> <span class='ocrx_word' id='word_1_122' title='bbox 1762 1872 1785 1911; x_wconf 82' lang='lat' dir='ltr'><strong>ro</strong></span> 
     </span>
     <span class='ocr_line' id='line_1_12' title="bbox 457 1958 1751 2039; baseline -0.005 -16"><span class='ocrx_word' id='word_1_123' title='bbox 457 1964 487 2022; x_wconf 96' lang='lat' dir='ltr'><strong>in</strong></span> <span class='ocrx_word' id='word_1_124' title='bbox 509 1963 604 2030; x_wconf 84' lang='lat' dir='ltr'><strong>sures,</strong></span> <span class='ocrx_word' id='word_1_125' title='bbox 628 1960 657 2019; x_wconf 92' lang='lat' dir='ltr'><strong>in</strong></span> <span class='ocrx_word' id='word_1_126' title='bbox 678 1966 834 2039; x_wconf 76' lang='lat' dir='ltr'><strong>tyrannos,</strong></span> <span class='ocrx_word' id='word_1_127' title='bbox 857 1960 887 2018; x_wconf 94' lang='lat' dir='ltr'><strong>in</strong></span> <span class='ocrx_word' id='word_1_128' title='bbox 910 1958 1056 2019; x_wconf 80' lang='lat' dir='ltr'><strong>latrones?</strong></span> <span class='ocrx_word' id='word_1_129' title='bbox 1079 1960 1144 2037; x_wconf 89' lang='lat' dir='ltr'><strong>quis</strong></span> <span class='ocrx_word' id='word_1_130' title='bbox 1165 1958 1318 2019; x_wconf 88' lang='lat' dir='ltr'><strong>violentior</strong></span> <span class='ocrx_word' id='word_1_131' title='bbox 1341 1961 1417 2019; x_wconf 91' lang='lat' dir='ltr'><strong>euim</strong></span> <span class='ocrx_word' id='word_1_132' title='bbox 1440 1958 1515 2017; x_wconf 88' lang='lat' dir='ltr'><strong>latro</strong></span> <span class='ocrx_word' id='word_1_133' title='bbox 1538 1966 1582 2019; x_wconf 91' lang='lat' dir='ltr'><strong>est</strong></span> <span class='ocrx_word' id='word_1_134' title='bbox 1597 1977 1685 2036; x_wconf 92' lang='lat' dir='ltr'><strong>qnam</strong></span> <span class='ocrx_word' id='word_1_135' title='bbox 1702 1960 1751 2035; x_wconf 95' lang='lat' dir='ltr'><strong>qui</strong></span> 
     </span>
     <span class='ocr_line' id='line_1_13' title="bbox 457 2060 1752 2139; baseline -0.004 -16"><span class='ocrx_word' id='word_1_136' title='bbox 457 2065 495 2123; x_wconf 91' lang='lat' dir='ltr'><strong>ita</strong></span> <span class='ocrx_word' id='word_1_137' title='bbox 518 2063 607 2139; x_wconf 87' lang='lat' dir='ltr'><strong>rapit,</strong></span> <span class='ocrx_word' id='word_1_138' title='bbox 641 2068 674 2122; x_wconf 92' lang='lat' dir='ltr'><strong>ut</strong></span> <span class='ocrx_word' id='word_1_139' title='bbox 695 2061 826 2139; x_wconf 89' lang='lat' dir='ltr'><strong>rapiendi</strong></span> <span class='ocrx_word' id='word_1_140' title='bbox 849 2061 968 2121; x_wconf 90' lang='lat' dir='ltr'><strong>modum</strong></span> <span class='ocrx_word' id='word_1_141' title='bbox 991 2060 1105 2122; x_wconf 90' lang='lat' dir='ltr'><strong>nullum</strong></span> <span class='ocrx_word' id='word_1_142' title='bbox 1134 2065 1259 2121; x_wconf 82' lang='lat' dir='ltr'><strong>statuat&#39;t</strong></span> <span class='ocrx_word' id='word_1_143' title='bbox 1293 2060 1323 2120; x_wconf 88' lang='lat' dir='ltr'><strong>hi</strong></span> <span class='ocrx_word' id='word_1_144' title='bbox 1351 2061 1469 2122; x_wconf 85' lang='lat' dir='ltr'><strong>luerunt</strong></span> <span class='ocrx_word' id='word_1_145' title='bbox 1496 2061 1545 2138; x_wconf 93' lang='lat' dir='ltr'><strong>qui</strong></span> <span class='ocrx_word' id='word_1_146' title='bbox 1573 2061 1602 2119; x_wconf 95' lang='lat' dir='ltr'><strong>in</strong></span> <span class='ocrx_word' id='word_1_147' title='bbox 1630 2061 1752 2120; x_wconf 92' lang='lat' dir='ltr'><strong>minimo</strong></span> 
     </span>
     <span class='ocr_line' id='line_1_14' title="bbox 457 2162 1751 2243; baseline -0.004 -18"><span class='ocrx_word' id='word_1_148' title='bbox 457 2172 574 2243; x_wconf 85' lang='lat' dir='ltr'><strong>arrepta</strong></span> <span class='ocrx_word' id='word_1_149' title='bbox 598 2163 753 2223; x_wconf 87' lang='lat' dir='ltr'><strong>occasione</strong></span> <span class='ocrx_word' id='word_1_150' title='bbox 775 2163 810 2222; x_wconf 91' lang='lat' dir='ltr'><strong>ad</strong></span> <span class='ocrx_word' id='word_1_151' title='bbox 833 2164 1009 2223; x_wconf 87' lang='lat' dir='ltr'><strong>immensum</strong></span> <span class='ocrx_word' id='word_1_152' title='bbox 1033 2164 1181 2241; x_wconf 83' lang='lat' dir='ltr'><strong>progressi</strong></span> <span class='ocrx_word' id='word_1_153' title='bbox 1204 2171 1272 2223; x_wconf 90' lang='lat' dir='ltr'><strong>suut</strong></span> <span class='ocrx_word' id='word_1_154' title='bbox 1294 2162 1448 2241; x_wconf 82' lang='lat' dir='ltr'><strong>diripiendi</strong></span> <span class='ocrx_word' id='word_1_155' title='bbox 1463 2162 1594 2230; x_wconf 88' lang='lat' dir='ltr'><strong>licentia,</strong></span> <span class='ocrx_word' id='word_1_156' title='bbox 1619 2164 1669 2240; x_wconf 93' lang='lat' dir='ltr'><strong>qui</strong></span> <span class='ocrx_word' id='word_1_157' title='bbox 1685 2179 1751 2239; x_wconf 87' lang='lat' dir='ltr'><strong>gra-</strong></span> 
     </span>
     <span class='ocr_line' id='line_1_15' title="bbox 457 2265 1752 2343; baseline -0.004 -17"><span class='ocrx_word' id='word_1_158' title='bbox 457 2268 512 2327; x_wconf 90' lang='lat' dir='ltr'><strong>tias</strong></span> <span class='ocrx_word' id='word_1_159' title='bbox 534 2284 639 2325; x_wconf 81' lang='lat' dir='ltr'><strong>venum</strong></span> <span class='ocrx_word' id='word_1_160' title='bbox 663 2272 879 2342; x_wconf 81' lang='lat' dir='ltr'><strong>exposuerunt,</strong></span> <span class='ocrx_word' id='word_1_161' title='bbox 913 2266 964 2342; x_wconf 90' lang='lat' dir='ltr'><strong>qui</strong></span> <span class='ocrx_word' id='word_1_162' title='bbox 986 2266 1227 2334; x_wconf 71' lang='lat' dir='ltr'><strong>condonationes</strong></span> <span class='ocrx_word' id='word_1_163' title='bbox 1263 2265 1312 2343; x_wconf 91' lang='lat' dir='ltr'><strong>qui</strong></span> <span class='ocrx_word' id='word_1_164' title='bbox 1335 2265 1565 2343; x_wconf 80' lang='lat' dir='ltr'><strong>dispensationes</strong></span> <span class='ocrx_word' id='word_1_165' title='bbox 1593 2271 1622 2325; x_wconf 89' lang='lat' dir='ltr'><strong>et</strong></span> <span class='ocrx_word' id='word_1_166' title='bbox 1648 2265 1752 2323; x_wconf 84' lang='lat' dir='ltr'><strong>induiti</strong></span> 
     </span>
     <span class='ocr_line' id='line_1_16' title="bbox 457 2366 1787 2447; baseline -0.005 -18"><span class='ocrx_word' id='word_1_167' title='bbox 457 2370 573 2447; x_wconf 87' lang='lat' dir='ltr'><strong>generis</strong></span> <span class='ocrx_word' id='word_1_168' title='bbox 595 2366 691 2428; x_wconf 89' lang='lat' dir='ltr'><strong>bullas</strong></span> <span class='ocrx_word' id='word_1_169' title='bbox 712 2368 761 2445; x_wconf 91' lang='lat' dir='ltr'><strong>qui</strong></span> <span class='ocrx_word' id='word_1_170' title='bbox 785 2367 979 2442; x_wconf 83' lang='lat' dir='ltr'><strong>vendiderunt</strong></span> <span class='ocrx_word' id='word_1_171' title='bbox 1000 2373 1082 2430; x_wconf 86' lang='lat' dir='ltr'><strong>tanto</strong></span> <span class='ocrx_word' id='word_1_172' title='bbox 1104 2367 1161 2427; x_wconf 82' lang='lat' dir='ltr'><strong>iarn</strong></span> <span class='ocrx_word' id='word_1_173' title='bbox 1183 2374 1334 2445; x_wconf 90' lang='lat' dir='ltr'><strong>tempore;</strong></span> <span class='ocrx_word' id='word_1_174' title='bbox 1367 2367 1415 2445; x_wconf 91' lang='lat' dir='ltr'><strong>qui</strong></span> <span class='ocrx_word' id='word_1_175' title='bbox 1438 2368 1470 2426; x_wconf 89' lang='lat' dir='ltr'><strong>in</strong></span> <span class='ocrx_word' id='word_1_176' title='bbox 1490 2374 1681 2445; x_wconf 85' lang='lat' dir='ltr'><strong>peccatorum</strong></span> <span class='ocrx_word' id='word_1_177' title='bbox 1703 2383 1787 2425; x_wconf 75' lang='lat' dir='ltr'><strong>reio</strong></span> 
     </span>
     <span class='ocr_line' id='line_1_17' title="bbox 457 2453 1833 2546; baseline -0.003 -16"><span class='ocrx_word' id='word_1_178' title='bbox 457 2471 596 2530; x_wconf 88' lang='lat' dir='ltr'><strong>missione</strong></span> <span class='ocrx_word' id='word_1_179' title='bbox 618 2470 759 2546; x_wconf 70' lang='lat' dir='ltr'><strong>precium¹</strong></span> <span class='ocrx_word' id='word_1_180' title='bbox 773 2476 953 2538; x_wconf 87' lang='lat' dir='ltr'><strong>statuerunt,</strong></span> <span class='ocrx_word' id='word_1_181' title='bbox 977 2476 1005 2529; x_wconf 91' lang='lat' dir='ltr'><strong>et</strong></span> <span class='ocrx_word' id='word_1_182' title='bbox 1027 2471 1056 2528; x_wconf 93' lang='lat' dir='ltr'><strong>in</strong></span> <span class='ocrx_word' id='word_1_183' title='bbox 1077 2471 1170 2546; x_wconf 71' lang='lat' dir='ltr'><strong>poeuis</strong></span> <span class='ocrx_word' id='word_1_184' title='bbox 1184 2470 1346 2530; x_wconf 81' lang='lat' dir='ltr'><strong>inferorum</strong></span> <span class='ocrx_word' id='word_1_185' title='bbox 1361 2470 1536 2529; x_wconf 82' lang='lat' dir='ltr'><strong>invenerunt</strong></span> <span class='ocrx_word' id='word_1_186' title='bbox 1549 2468 1605 2528; x_wconf 90' lang='lat' dir='ltr'><strong>sibi</strong></span> <span class='ocrx_word' id='word_1_187' title='bbox 1620 2466 1751 2535; x_wconf 90' lang='lat' dir='ltr'><strong>lucrum;</strong></span> <span class='ocrx_word' id='word_1_188' title='bbox 1826 2453 1833 2458; x_wconf 41' lang='lat'><em>⁸</em></span> 
     </span>
     <span class='ocr_line' id='line_1_18' title="bbox 458 2568 1752 2650; baseline -0.002 -20"><span class='ocrx_word' id='word_1_189' title='bbox 458 2573 508 2649; x_wconf 95' lang='lat' dir='ltr'><strong>qui</strong></span> <span class='ocrx_word' id='word_1_190' title='bbox 537 2571 698 2630; x_wconf 91' lang='lat' dir='ltr'><strong>sacerdotia</strong></span> <span class='ocrx_word' id='word_1_191' title='bbox 728 2571 790 2638; x_wconf 87' lang='lat' dir='ltr'><strong>bic,</strong></span> <span class='ocrx_word' id='word_1_192' title='bbox 821 2569 1036 2650; x_wconf 77' lang='lat' dir='ltr'><strong>eleemosynam</strong></span> <span class='ocrx_word' id='word_1_193' title='bbox 1067 2578 1222 2648; x_wconf 91' lang='lat' dir='ltr'><strong>pareutum</strong></span> <span class='ocrx_word' id='word_1_194' title='bbox 1246 2578 1429 2638; x_wconf 90' lang='lat' dir='ltr'><strong>nostrorum,</strong></span> <span class='ocrx_word' id='word_1_195' title='bbox 1466 2572 1542 2648; x_wconf 89' lang='lat' dir='ltr'><strong>passi</strong></span> <span class='ocrx_word' id='word_1_196' title='bbox 1571 2577 1639 2629; x_wconf 85' lang='lat' dir='ltr'><strong>sum</strong></span> <span class='ocrx_word' id='word_1_197' title='bbox 1661 2568 1698 2628; x_wconf 90' lang='lat' dir='ltr'><strong>ab</strong></span> <span class='ocrx_word' id='word_1_198' title='bbox 1720 2588 1752 2628; x_wconf 92' lang='lat' dir='ltr'><strong>se</strong></span> 
     </span>
     <span class='ocr_line' id='line_1_19' title="bbox 459 2670 1752 2750; baseline -0.002 -18"><span class='ocrx_word' id='word_1_199' title='bbox 459 2673 599 2740; x_wconf 89' lang='lat' dir='ltr'><strong>mercari;</strong></span> <span class='ocrx_word' id='word_1_200' title='bbox 634 2672 683 2749; x_wconf 93' lang='lat' dir='ltr'><strong>qui</strong></span> <span class='ocrx_word' id='word_1_201' title='bbox 706 2672 861 2730; x_wconf 86' lang='lat' dir='ltr'><strong>Germanis</strong></span> <span class='ocrx_word' id='word_1_202' title='bbox 889 2679 1099 2748; x_wconf 87' lang='lat' dir='ltr'><strong>persuaserunt</strong></span> <span class='ocrx_word' id='word_1_203' title='bbox 1127 2674 1279 2750; x_wconf 89' lang='lat' dir='ltr'><strong>episcopos</strong></span> <span class='ocrx_word' id='word_1_204' title='bbox 1307 2691 1366 2732; x_wconf 90' lang='lat' dir='ltr'><strong>uon</strong></span> <span class='ocrx_word' id='word_1_205' title='bbox 1394 2690 1458 2732; x_wconf 90' lang='lat' dir='ltr'><strong>esse</strong></span> <span class='ocrx_word' id='word_1_206' title='bbox 1480 2673 1530 2750; x_wconf 90' lang='lat' dir='ltr'><strong>qni</strong></span> <span class='ocrx_word' id='word_1_207' title='bbox 1552 2672 1588 2732; x_wconf 90' lang='lat' dir='ltr'><strong>ab</strong></span> <span class='ocrx_word' id='word_1_208' title='bbox 1611 2691 1643 2731; x_wconf 88' lang='lat' dir='ltr'><strong>se</strong></span> <span class='ocrx_word' id='word_1_209' title='bbox 1665 2670 1752 2749; x_wconf 89' lang='lat' dir='ltr'><strong>pallia</strong></span> 
     </span>
     <span class='ocr_line' id='line_1_20' title="bbox 459 2772 1752 2851; baseline 0 -19"><span class='ocrx_word' id='word_1_210' title='bbox 459 2791 519 2832; x_wconf 94' lang='lat' dir='ltr'><strong>nou</strong></span> <span class='ocrx_word' id='word_1_211' title='bbox 542 2773 666 2832; x_wconf 89' lang='lat' dir='ltr'><strong>emerint</strong></span> <span class='ocrx_word' id='word_1_212' title='bbox 689 2772 787 2832; x_wconf 90' lang='lat' dir='ltr'><strong>multis</strong></span> <span class='ocrx_word' id='word_1_213' title='bbox 809 2790 967 2832; x_wconf 90' lang='lat' dir='ltr'><strong>aureorum</strong></span> <span class='ocrx_word' id='word_1_214' title='bbox 990 2772 1122 2841; x_wconf 90' lang='lat' dir='ltr'><strong>milibus;</strong></span> <span class='ocrx_word' id='word_1_215' title='bbox 1147 2775 1196 2851; x_wconf 92' lang='lat' dir='ltr'><strong>qui</strong></span> <span class='ocrx_word' id='word_1_216' title='bbox 1219 2776 1347 2833; x_wconf 84' lang='lat' dir='ltr'><strong>contenti</strong></span> <span class='ocrx_word' id='word_1_217' title='bbox 1370 2792 1429 2833; x_wconf 94' lang='lat' dir='ltr'><strong>non</strong></span> <span class='ocrx_word' id='word_1_218' title='bbox 1451 2782 1519 2835; x_wconf 90' lang='lat' dir='ltr'><strong>sunt</strong></span> <span class='ocrx_word' id='word_1_219' title='bbox 1536 2775 1654 2851; x_wconf 83' lang='lat' dir='ltr'><strong>exigere</strong></span> <span class='ocrx_word' id='word_1_220' title='bbox 1670 2780 1752 2832; x_wconf 84' lang='lat' dir='ltr'><strong>extra</strong></span> 
     </span>
     <span class='ocr_line' id='line_1_21' title="bbox 459 2873 1783 2953; baseline -0.002 -19"><span class='ocrx_word' id='word_1_221' title='bbox 459 2875 593 2934; x_wconf 90' lang='lat' dir='ltr'><strong>ordinem</strong></span> <span class='ocrx_word' id='word_1_222' title='bbox 616 2875 772 2953; x_wconf 86' lang='lat' dir='ltr'><strong>quotannis</strong></span> <span class='ocrx_word' id='word_1_223' title='bbox 799 2873 904 2944; x_wconf 90' lang='lat' dir='ltr'><strong>semel,</strong></span> <span class='ocrx_word' id='word_1_224' title='bbox 932 2875 982 2935; x_wconf 88' lang='lat' dir='ltr'><strong>sed</strong></span> <span class='ocrx_word' id='word_1_225' title='bbox 1012 2874 1166 2935; x_wconf 83' lang='lat' dir='ltr'><strong>mittebant</strong></span> <span class='ocrx_word' id='word_1_226' title='bbox 1193 2877 1308 2952; x_wconf 91' lang='lat' dir='ltr'><strong>quoties</strong></span> <span class='ocrx_word' id='word_1_227' title='bbox 1335 2877 1365 2935; x_wconf 90' lang='lat' dir='ltr'><strong>in</strong></span> <span class='ocrx_word' id='word_1_228' title='bbox 1391 2883 1520 2936; x_wconf 90' lang='lat' dir='ltr'><strong>mentem</strong></span> <span class='ocrx_word' id='word_1_229' title='bbox 1548 2877 1676 2935; x_wconf 74' lang='lat' dir='ltr'><strong>uenisset</strong></span> <span class='ocrx_word' id='word_1_230' title='bbox 1702 2875 1783 2952; x_wconf 78' lang='lat' dir='ltr'><strong>quin</strong></span> 
     </span>
     <span class='ocr_line' id='line_1_22' title="bbox 459 2973 1751 3055; baseline -0.002 -19"><span class='ocrx_word' id='word_1_231' title='bbox 459 2973 632 3054; x_wconf 79' lang='lat' dir='ltr'><strong>colligerent</strong></span> <span class='ocrx_word' id='word_1_232' title='bbox 659 2975 722 3035; x_wconf 89' lang='lat' dir='ltr'><strong>aliis</strong></span> <span class='ocrx_word' id='word_1_233' title='bbox 750 2974 796 3035; x_wconf 90' lang='lat' dir='ltr'><strong>alii</strong></span> <span class='ocrx_word' id='word_1_234' title='bbox 825 2975 862 3036; x_wconf 91' lang='lat' dir='ltr'><strong>de</strong></span> <span class='ocrx_word' id='word_1_235' title='bbox 889 2978 998 3046; x_wconf 81' lang='lat' dir='ltr'><strong>cattsis,</strong></span> <span class='ocrx_word' id='word_1_236' title='bbox 1032 2976 1165 3036; x_wconf 92' lang='lat' dir='ltr'><strong>nonnulli</strong></span> <span class='ocrx_word' id='word_1_237' title='bbox 1194 2979 1275 3055; x_wconf 89' lang='lat' dir='ltr'><strong>quasi</strong></span> <span class='ocrx_word' id='word_1_238' title='bbox 1303 2976 1412 3038; x_wconf 91' lang='lat' dir='ltr'><strong>bellum</strong></span> <span class='ocrx_word' id='word_1_239' title='bbox 1448 2978 1615 3055; x_wconf 86' lang='lat' dir='ltr'><strong>apparaturi</strong></span> <span class='ocrx_word' id='word_1_240' title='bbox 1650 2984 1751 3036; x_wconf 86' lang='lat' dir='ltr'><strong>contra</strong></span> 
     </span>
     <span class='ocr_line' id='line_1_23' title="bbox 404 3076 1751 3157; baseline -0.002 -19"><span class='ocrx_word' id='word_1_241' title='bbox 404 3133 409 3138; x_wconf 91' lang='lat'><em>.</em></span> <span class='ocrx_word' id='word_1_242' title='bbox 459 3078 587 3146; x_wconf 73' lang='lat' dir='ltr'><strong>lurcos,</strong></span> <span class='ocrx_word' id='word_1_243' title='bbox 618 3076 665 3137; x_wconf 91' lang='lat' dir='ltr'><strong>alii</strong></span> <span class='ocrx_word' id='word_1_244' title='bbox 689 3085 720 3137; x_wconf 93' lang='lat' dir='ltr'><strong>ut</strong></span> <span class='ocrx_word' id='word_1_245' title='bbox 743 3077 898 3155; x_wconf 87' lang='lat' dir='ltr'><strong>templum,</strong></span> <span class='ocrx_word' id='word_1_246' title='bbox 928 3079 1006 3157; x_wconf 92' lang='lat' dir='ltr'><strong>quod</strong></span> <span class='ocrx_word' id='word_1_247' title='bbox 1030 3079 1131 3157; x_wconf 80' lang='lat' dir='ltr'><strong>persici</strong></span> <span class='ocrx_word' id='word_1_248' title='bbox 1154 3098 1213 3138; x_wconf 91' lang='lat' dir='ltr'><strong>nou</strong></span> <span class='ocrx_word' id='word_1_249' title='bbox 1236 3087 1354 3148; x_wconf 83' lang='lat' dir='ltr'><strong>curant,</strong></span> <span class='ocrx_word' id='word_1_250' title='bbox 1381 3078 1482 3139; x_wconf 82' lang='lat' dir='ltr'><strong>Itomae</strong></span> <span class='ocrx_word' id='word_1_251' title='bbox 1505 3079 1569 3138; x_wconf 83' lang='lat' dir='ltr'><strong>divo</strong></span> <span class='ocrx_word' id='word_1_252' title='bbox 1591 3078 1680 3137; x_wconf 86' lang='lat' dir='ltr'><strong>Petro</strong></span> <span class='ocrx_word' id='word_1_253' title='bbox 1703 3095 1751 3136; x_wconf 86' lang='lat' dir='ltr'><strong>ex·</strong></span> 
     </span>
     <span class='ocr_line' id='line_1_24' title="bbox 458 3180 1755 3258; baseline -0.002 -18"><span class='ocrx_word' id='word_1_254' title='bbox 458 3187 578 3248; x_wconf 86' lang='lat' dir='ltr'><strong>truant;·</strong></span> <span class='ocrx_word' id='word_1_255' title='bbox 604 3180 653 3257; x_wconf 94' lang='lat' dir='ltr'><strong>qui</strong></span> <span class='ocrx_word' id='word_1_256' title='bbox 677 3197 743 3239; x_wconf 90' lang='lat' dir='ltr'><strong>cum</strong></span> <span class='ocrx_word' id='word_1_257' title='bbox 767 3180 948 3240; x_wconf 77' lang='lat' dir='ltr'><strong>haecomnia</strong></span> <span class='ocrx_word' id='word_1_258' title='bbox 972 3182 1117 3250; x_wconf 82' lang='lat' dir='ltr'><strong>lacerent,</strong></span> <span class='ocrx_word' id='word_1_259' title='bbox 1147 3190 1244 3242; x_wconf 87' lang='lat' dir='ltr'><strong>tamen</strong></span> <span class='ocrx_word' id='word_1_260' title='bbox 1265 3181 1384 3241; x_wconf 89' lang='lat' dir='ltr'><strong>salutari</strong></span> <span class='ocrx_word' id='word_1_261' title='bbox 1407 3200 1438 3240; x_wconf 91' lang='lat' dir='ltr'><strong>sc</strong></span> <span class='ocrx_word' id='word_1_262' title='bbox 1461 3180 1546 3258; x_wconf 84' lang='lat' dir='ltr'><strong>vulgo</strong></span> <span class='ocrx_word' id='word_1_263' title='bbox 1569 3180 1755 3252; x_wconf 28' lang='lat' dir='ltr'><strong>beatissimos,</strong></span> 
     </span>
     <span class='ocr_line' id='line_1_25' title="bbox 461 3280 1751 3361; baseline -0.003 -19"><span class='ocrx_word' id='word_1_264' title='bbox 461 3290 495 3355; x_wconf 59' lang='lat' dir='ltr'><strong>et,</strong></span> <span class='ocrx_word' id='word_1_265' title='bbox 511 3282 710 3341; x_wconf 89' lang='lat' dir='ltr'><strong>sanctissimos</strong></span> <span class='ocrx_word' id='word_1_266' title='bbox 733 3280 880 3351; x_wconf 86' lang='lat' dir='ltr'><strong>volebant,</strong></span> <span class='ocrx_word' id='word_1_267' title='bbox 903 3301 958 3342; x_wconf 90' lang='lat' dir='ltr'><strong>nec</strong></span> <span class='ocrx_word' id='word_1_268' title='bbox 980 3282 1089 3361; x_wconf 91' lang='lat' dir='ltr'><strong>aliquid</strong></span> <span class='ocrx_word' id='word_1_269' title='bbox 1105 3284 1135 3341; x_wconf 93' lang='lat' dir='ltr'><strong>in</strong></span> <span class='ocrx_word' id='word_1_270' title='bbox 1150 3301 1219 3343; x_wconf 91' lang='lat' dir='ltr'><strong>suos</strong></span> <span class='ocrx_word' id='word_1_271' title='bbox 1234 3302 1332 3344; x_wconf 91' lang='lat' dir='ltr'><strong>mores</strong></span> <span class='ocrx_word' id='word_1_272' title='bbox 1348 3283 1403 3342; x_wconf 91' lang='lat' dir='ltr'><strong>dici</strong></span> <span class='ocrx_word' id='word_1_273' title='bbox 1419 3282 1619 3359; x_wconf 88' lang='lat' dir='ltr'><strong>patiebantur,</strong></span> <span class='ocrx_word' id='word_1_274' title='bbox 1643 3280 1751 3340; x_wconf 89' lang='lat' dir='ltr'><strong>nedum</strong></span> 
     </span>
     <span class='ocr_line' id='line_1_26' title="bbox 391 3382 1786 3463; baseline -0.004 -17"><span class='ocrx_word' id='word_1_275' title='bbox 391 3384 533 3454; x_wconf 66' lang='lat' dir='ltr'><strong>§.infieri</strong></span> <span class='ocrx_word' id='word_1_276' title='bbox 578 3383 609 3442; x_wconf 89' lang='lat' dir='ltr'><strong>Si</strong></span> <span class='ocrx_word' id='word_1_277' title='bbox 631 3384 696 3461; x_wconf 90' lang='lat' dir='ltr'><strong>quis</strong></span> <span class='ocrx_word' id='word_1_278' title='bbox 719 3401 787 3442; x_wconf 81' lang='lat' dir='ltr'><strong>vero</strong></span> <span class='ocrx_word' id='word_1_279' title='bbox 810 3382 951 3444; x_wconf 86' lang='lat' dir='ltr'><strong>libertatis</strong></span> <span class='ocrx_word' id='word_1_280' title='bbox 974 3386 1153 3444; x_wconf 87' lang='lat' dir='ltr'><strong>meminisset</strong></span> <span class='ocrx_word' id='word_1_281' title='bbox 1174 3393 1224 3445; x_wconf 91' lang='lat' dir='ltr'><strong>aut</strong></span> <span class='ocrx_word' id='word_1_282' title='bbox 1246 3386 1350 3463; x_wconf 89' lang='lat' dir='ltr'><strong>siquis</strong></span> <span class='ocrx_word' id='word_1_283' title='bbox 1365 3383 1547 3461; x_wconf 85' lang='lat' dir='ltr'><strong>rapientibus</strong></span> <span class='ocrx_word' id='word_1_284' title='bbox 1561 3382 1786 3460; x_wconf 76' lang='lat' dir='ltr'><strong>impedimen-ns</strong></span> 
     </span>
     <span class='ocr_line' id='line_1_27' title="bbox 459 3485 1753 3562; baseline -0.003 -16"><span class='ocrx_word' id='word_1_285' title='bbox 459 3494 538 3554; x_wconf 85' lang='lat' dir='ltr'><strong>turn,</strong></span> <span class='ocrx_word' id='word_1_286' title='bbox 561 3493 741 3554; x_wconf 83' lang='lat' dir='ltr'><strong>autmorarn</strong></span> <span class='ocrx_word' id='word_1_287' title='bbox 756 3486 779 3543; x_wconf 88' lang='lat' dir='ltr'><strong>si</strong></span> <span class='ocrx_word' id='word_1_288' title='bbox 802 3486 868 3562; x_wconf 90' lang='lat' dir='ltr'><strong>quis</strong></span> <span class='ocrx_word' id='word_1_289' title='bbox 890 3486 1008 3544; x_wconf 93' lang='lat' dir='ltr'><strong>omuino</strong></span> <span class='ocrx_word' id='word_1_290' title='bbox 1032 3485 1200 3557; x_wconf 91' lang='lat' dir='ltr'><strong>obiecisset,</strong></span> <span class='ocrx_word' id='word_1_291' title='bbox 1224 3489 1253 3546; x_wconf 89' lang='lat' dir='ltr'><strong>in</strong></span> <span class='ocrx_word' id='word_1_292' title='bbox 1276 3488 1338 3548; x_wconf 90' lang='lat' dir='ltr'><strong>eius</strong></span> <span class='ocrx_word' id='word_1_293' title='bbox 1360 3486 1517 3547; x_wconf 83' lang='lat' dir='ltr'><strong>saeviebant</strong></span> <span class='ocrx_word' id='word_1_294' title='bbox 1538 3487 1664 3544; x_wconf 89' lang='lat' dir='ltr'><strong>animam</strong></span> <span class='ocrx_word' id='word_1_295' title='bbox 1687 3501 1753 3561; x_wconf 85' lang='lat' dir='ltr'><strong>per-</strong></span> 
     </span>
     <span class='ocr_line' id='line_1_28' title="bbox 459 3585 1753 3664; baseline -0.003 -17"><span class='ocrx_word' id='word_1_296' title='bbox 459 3588 562 3648; x_wconf 91' lang='lat' dir='ltr'><strong>dentes</strong></span> <span class='ocrx_word' id='word_1_297' title='bbox 577 3593 717 3646; x_wconf 85' lang='lat' dir='ltr'><strong>actutum.</strong></span> <span class='ocrx_word' id='word_1_298' title='bbox 759 3585 932 3646; x_wconf 87' lang='lat' dir='ltr'><strong>llis&#39;talibus</strong></span> <span class='ocrx_word' id='word_1_299' title='bbox 948 3588 1003 3647; x_wconf 88' lang='lat' dir='ltr'><strong>iam</strong></span> <span class='ocrx_word' id='word_1_300' title='bbox 1020 3589 1190 3648; x_wconf 85' lang='lat' dir='ltr'><strong>insatiandis</strong></span> <span class='ocrx_word' id='word_1_301' title='bbox 1205 3589 1383 3658; x_wconf 87' lang='lat' dir='ltr'><strong>latronibus,</strong></span> <span class='ocrx_word' id='word_1_302' title='bbox 1405 3596 1465 3649; x_wconf 91' lang='lat' dir='ltr'><strong>tam</strong></span> <span class='ocrx_word' id='word_1_303' title='bbox 1481 3587 1641 3648; x_wconf 90' lang='lat' dir='ltr'><strong>immitibus</strong></span> <span class='ocrx_word' id='word_1_304' title='bbox 1655 3592 1753 3664; x_wconf 82' lang='lat' dir='ltr'><strong>tyran·</strong></span> 
     </span>
     <span class='ocr_line' id='line_1_29' title="bbox 459 3688 1753 3770; baseline -0.004 -20"><span class='ocrx_word' id='word_1_305' title='bbox 459 3691 520 3759; x_wconf 86' lang='lat' dir='ltr'><strong>nis,</strong></span> <span class='ocrx_word' id='word_1_306' title='bbox 544 3708 641 3749; x_wconf 91' lang='lat' dir='ltr'><strong>noune</strong></span> <span class='ocrx_word' id='word_1_307' title='bbox 663 3689 813 3748; x_wconf 88' lang='lat' dir='ltr'><strong>inimicum</strong></span> <span class='ocrx_word' id='word_1_308' title='bbox 836 3688 889 3747; x_wconf 90' lang='lat' dir='ltr'><strong>tibi</strong></span> <span class='ocrx_word' id='word_1_309' title='bbox 911 3688 994 3749; x_wconf 81' lang='lat' dir='ltr'><strong>valde</strong></span> <span class='ocrx_word' id='word_1_310' title='bbox 1016 3698 1117 3767; x_wconf 86' lang='lat' dir='ltr'><strong>putas,</strong></span> <span class='ocrx_word' id='word_1_311' title='bbox 1140 3692 1165 3750; x_wconf 93' lang='lat' dir='ltr'><strong>si</strong></span> <span class='ocrx_word' id='word_1_312' title='bbox 1187 3693 1252 3770; x_wconf 93' lang='lat' dir='ltr'><strong>quis</strong></span> <span class='ocrx_word' id='word_1_313' title='bbox 1273 3698 1301 3751; x_wconf 91' lang='lat' dir='ltr'><strong>te</strong></span> <span class='ocrx_word' id='word_1_314' title='bbox 1316 3693 1439 3760; x_wconf 90' lang='lat' dir='ltr'><strong>inserat,</strong></span> <span class='ocrx_word' id='word_1_315' title='bbox 1464 3691 1523 3750; x_wconf 55' lang='lat' dir='ltr'><strong>lieo</strong></span> <span class='ocrx_word' id='word_1_316' title='bbox 1539 3689 1681 3750; x_wconf 75' lang='lat' dir='ltr'><strong>inanime?</strong></span> <span class='ocrx_word' id='word_1_317' title='bbox 1704 3694 1753 3747; x_wconf 91' lang='lat' dir='ltr'><strong>aut</strong></span> 
     </span>
     <span class='ocr_line' id='line_1_30' title="bbox 458 3790 1833 3871; baseline -0.004 -19"><span class='ocrx_word' id='word_1_318' title='bbox 458 3810 518 3852; x_wconf 91' lang='lat' dir='ltr'><strong>non</strong></span> <span class='ocrx_word' id='word_1_319' title='bbox 541 3792 650 3868; x_wconf 91' lang='lat' dir='ltr'><strong>optime</strong></span> <span class='ocrx_word' id='word_1_320' title='bbox 673 3790 709 3850; x_wconf 92' lang='lat' dir='ltr'><strong>de</strong></span> <span class='ocrx_word' id='word_1_321' title='bbox 732 3797 807 3850; x_wconf 87' lang='lat' dir='ltr'><strong>statu</strong></span> <span class='ocrx_word' id='word_1_322' title='bbox 832 3791 979 3867; x_wconf 86' lang='lat' dir='ltr'><strong>pontificio</strong></span> <span class='ocrx_word' id='word_1_323' title='bbox 1008 3794 1131 3852; x_wconf 89' lang='lat' dir='ltr'><strong>meritus</strong></span> <span class='ocrx_word' id='word_1_324' title='bbox 1157 3792 1271 3853; x_wconf 85' lang='lat' dir='ltr'><strong>ridetur</strong></span> <span class='ocrx_word' id='word_1_325' title='bbox 1299 3795 1349 3871; x_wconf 96' lang='lat' dir='ltr'><strong>qui</strong></span> <span class='ocrx_word' id='word_1_326' title='bbox 1377 3801 1406 3853; x_wconf 92' lang='lat' dir='ltr'><strong>te</strong></span> <span class='ocrx_word' id='word_1_327' title='bbox 1435 3811 1539 3870; x_wconf 78' lang='lat' dir='ltr'><strong>triagna</strong></span> <span class='ocrx_word' id='word_1_328' title='bbox 1569 3809 1652 3859; x_wconf 87' lang='lat' dir='ltr'><strong>voce,</strong></span> <span class='ocrx_word' id='word_1_329' title='bbox 1687 3790 1753 3866; x_wconf 89' lang='lat' dir='ltr'><strong>quia</strong></span> <span class='ocrx_word' id='word_1_330' title='bbox 1829 3865 1833 3871; x_wconf 12' lang='grc' dir='ltr'><strong><em>ἦ</em></strong></span> 
     </span>
     <span class='ocr_line' id='line_1_31' title="bbox 459 3890 1786 3971; baseline -0.004 -18"><span class='ocrx_word' id='word_1_331' title='bbox 459 3892 530 3953; x_wconf 88' lang='lat' dir='ltr'><strong>nihil</strong></span> <span class='ocrx_word' id='word_1_332' title='bbox 553 3911 620 3953; x_wconf 91' lang='lat' dir='ltr'><strong>cum</strong></span> <span class='ocrx_word' id='word_1_333' title='bbox 643 3891 699 3951; x_wconf 90' lang='lat' dir='ltr'><strong>illis</strong></span> <span class='ocrx_word' id='word_1_334' title='bbox 722 3910 878 3952; x_wconf 89' lang='lat' dir='ltr'><strong>commuue</strong></span> <span class='ocrx_word' id='word_1_335' title='bbox 900 3892 1024 3961; x_wconf 88' lang='lat' dir='ltr'><strong>habeas,</strong></span> <span class='ocrx_word' id='word_1_336' title='bbox 1049 3894 1202 3971; x_wconf 70' lang='lat' dir='ltr'><strong>praedicet,</strong></span> <span class='ocrx_word' id='word_1_337' title='bbox 1226 3894 1283 3954; x_wconf 91' lang='lat' dir='ltr'><strong>illis</strong></span> <span class='ocrx_word' id='word_1_338' title='bbox 1305 3902 1406 3954; x_wconf 87' lang='lat' dir='ltr'><strong>eontra</strong></span> <span class='ocrx_word' id='word_1_339' title='bbox 1430 3896 1526 3954; x_wconf 89' lang='lat' dir='ltr'><strong>omnia</strong></span> <span class='ocrx_word' id='word_1_340' title='bbox 1549 3912 1613 3971; x_wconf 86' lang='lat' dir='ltr'><strong>quae</strong></span> <span class='ocrx_word' id='word_1_341' title='bbox 1636 3890 1672 3950; x_wconf 92' lang='lat' dir='ltr'><strong>ad</strong></span> <span class='ocrx_word' id='word_1_342' title='bbox 1688 3903 1786 3949; x_wconf 77' lang='lat' dir='ltr'><strong>sue-to</strong></span> 
     </span>
     <span class='ocr_line' id='line_1_32' title="bbox 460 3994 1753 4073; baseline -0.005 -17"><span class='ocrx_word' id='word_1_343' title='bbox 460 3997 622 4056; x_wconf 89' lang='lat' dir='ltr'><strong>cessionem</strong></span> <span class='ocrx_word' id='word_1_344' title='bbox 638 3994 717 4053; x_wconf 88' lang='lat' dir='ltr'><strong>Petri</strong></span> <span class='ocrx_word' id='word_1_345' title='bbox 740 3995 878 4062; x_wconf 82' lang='lat' dir='ltr'><strong>attinent,</strong></span> <span class='ocrx_word' id='word_1_346' title='bbox 902 3994 1055 4054; x_wconf 70' lang='lat' dir='ltr'><strong>detrabat?</strong></span> <span class='ocrx_word' id='word_1_347' title='bbox 1079 3995 1122 4056; x_wconf 82' lang='lat' dir='ltr'><strong>vel</strong></span> <span class='ocrx_word' id='word_1_348' title='bbox 1138 4014 1196 4054; x_wconf 76' lang='lat' dir='ltr'><strong>urm</strong></span> <span class='ocrx_word' id='word_1_349' title='bbox 1212 3996 1368 4057; x_wconf 84' lang='lat' dir='ltr'><strong>benedices</strong></span> <span class='ocrx_word' id='word_1_350' title='bbox 1384 3995 1439 4064; x_wconf 91' lang='lat' dir='ltr'><strong>illi,</strong></span> <span class='ocrx_word' id='word_1_351' title='bbox 1462 3997 1542 4073; x_wconf 90' lang='lat' dir='ltr'><strong>pacis</strong></span> <span class='ocrx_word' id='word_1_352' title='bbox 1564 4000 1753 4060; x_wconf 89' lang='lat' dir='ltr'><strong>restaurator,</strong></span> 
     </span>
     <span class='ocr_line' id='line_1_33' title="bbox 382 4094 1754 4179; baseline -0.003 -24"><span class='ocrx_word' id='word_1_353' title='bbox 382 4097 509 4179; x_wconf 55' lang='lat' dir='ltr'><strong>sesqui</strong></span> <span class='ocrx_word' id='word_1_354' title='bbox 537 4096 582 4154; x_wconf 89' lang='lat' dir='ltr'><strong>bis</strong></span> <span class='ocrx_word' id='word_1_355' title='bbox 610 4094 790 4154; x_wconf 85' lang='lat' dir='ltr'><strong>maledixerit</strong></span> <span class='ocrx_word' id='word_1_356' title='bbox 819 4095 965 4156; x_wconf 93' lang='lat' dir='ltr'><strong>bellorum</strong></span> <span class='ocrx_word' id='word_1_357' title='bbox 994 4104 1023 4155; x_wconf 89' lang='lat' dir='ltr'><strong>et</strong></span> <span class='ocrx_word' id='word_1_358' title='bbox 1052 4097 1228 4157; x_wconf 86' lang='lat' dir='ltr'><strong>seditionum</strong></span> <span class='ocrx_word' id='word_1_359' title='bbox 1255 4099 1424 4160; x_wconf 84' lang='lat' dir='ltr'><strong>autoribus?</strong></span> <span class='ocrx_word' id='word_1_360' title='bbox 1457 4096 1593 4167; x_wconf 80' lang='lat' dir='ltr'><strong>Quinimo</strong></span> <span class='ocrx_word' id='word_1_361' title='bbox 1621 4102 1650 4154; x_wconf 87' lang='lat' dir='ltr'><strong>te</strong></span> <span class='ocrx_word' id='word_1_362' title='bbox 1679 4095 1754 4161; x_wconf 86' lang='lat' dir='ltr'><strong>novi,</strong></span> 
     </span>
     <span class='ocr_line' id='line_1_34' title="bbox 459 4194 1754 4278; baseline -0.004 -20"><span class='ocrx_word' id='word_1_363' title='bbox 459 4197 619 4259; x_wconf 86' lang='lat' dir='ltr'><strong>maledices</strong></span> <span class='ocrx_word' id='word_1_364' title='bbox 641 4197 686 4256; x_wconf 92' lang='lat' dir='ltr'><strong>his</strong></span> <span class='ocrx_word' id='word_1_365' title='bbox 707 4198 788 4272; x_wconf 92' lang='lat' dir='ltr'><strong>ipse,</strong></span> <span class='ocrx_word' id='word_1_366' title='bbox 811 4198 894 4256; x_wconf 90' lang='lat' dir='ltr'><strong>utin</strong></span> <span class='ocrx_word' id='word_1_367' title='bbox 918 4197 1078 4275; x_wconf 82' lang='lat' dir='ltr'><strong>quemlibet</strong></span> <span class='ocrx_word' id='word_1_368' title='bbox 1102 4217 1205 4259; x_wconf 88' lang='lat' dir='ltr'><strong>eorum</strong></span> <span class='ocrx_word' id='word_1_369' title='bbox 1229 4202 1381 4261; x_wconf 86' lang='lat' dir='ltr'><strong>conveniat</strong></span> <span class='ocrx_word' id='word_1_370' title='bbox 1397 4199 1602 4278; x_wconf 91' lang='lat' dir='ltr'><strong>propheticum</strong></span> <span class='ocrx_word' id='word_1_371' title='bbox 1618 4196 1675 4255; x_wconf 90' lang='lat' dir='ltr'><strong>hoc</strong></span> <span class='ocrx_word' id='word_1_372' title='bbox 1698 4194 1754 4254; x_wconf 79' lang='lat' dir='ltr'><strong>‘lli-</strong></span> 
     </span>
     <span class='ocr_line' id='line_1_35' title="bbox 460 4295 1754 4379; baseline -0.005 -20"><span class='ocrx_word' id='word_1_373' title='bbox 460 4299 529 4361; x_wconf 81' lang='lat' dir='ltr'><strong>lexit</strong></span> <span class='ocrx_word' id='word_1_374' title='bbox 552 4298 785 4358; x_wconf 88' lang='lat' dir='ltr'><strong>maledictionem</strong></span> <span class='ocrx_word' id='word_1_375' title='bbox 809 4305 837 4358; x_wconf 90' lang='lat' dir='ltr'><strong>et</strong></span> <span class='ocrx_word' id='word_1_376' title='bbox 859 4301 937 4359; x_wconf 90' lang='lat' dir='ltr'><strong>venit</strong></span> <span class='ocrx_word' id='word_1_377' title='bbox 959 4300 1004 4366; x_wconf 86' lang='lat' dir='ltr'><strong>ei,</strong></span> <span class='ocrx_word' id='word_1_378' title='bbox 1029 4299 1123 4362; x_wconf 91' lang='lat' dir='ltr'><strong>uoluit</strong></span> <span class='ocrx_word' id='word_1_379' title='bbox 1143 4301 1379 4362; x_wconf 84' lang='lat' dir='ltr'><strong>benedictionem</strong></span> <span class='ocrx_word' id='word_1_380' title='bbox 1403 4309 1431 4362; x_wconf 92' lang='lat' dir='ltr'><strong>et</strong></span> <span class='ocrx_word' id='word_1_381' title='bbox 1447 4299 1632 4379; x_wconf 90' lang='lat' dir='ltr'><strong>elongabitur</strong></span> <span class='ocrx_word' id='word_1_382' title='bbox 1647 4296 1684 4357; x_wconf 90' lang='lat' dir='ltr'><strong>ab</strong></span> <span class='ocrx_word' id='word_1_383' title='bbox 1701 4295 1754 4356; x_wconf 88' lang='lat' dir='ltr'><strong>eo’.</strong></span> 
     </span>
     <span class='ocr_line' id='line_1_36' title="bbox 460 4393 1789 4482; baseline -0.006 -19"><span class='ocrx_word' id='word_1_384' title='bbox 460 4403 509 4463; x_wconf 86' lang='lat' dir='ltr'><strong>Sic</strong></span> <span class='ocrx_word' id='word_1_385' title='bbox 531 4400 734 4461; x_wconf 88' lang='lat' dir='ltr'><strong>maledicendo</strong></span> <span class='ocrx_word' id='word_1_386' title='bbox 757 4393 921 4478; x_wconf 80' lang='lat' dir='ltr'><strong>perdebant</strong></span> <span class='ocrx_word' id='word_1_387' title='bbox 942 4400 983 4460; x_wconf 92' lang='lat' dir='ltr'><strong>illi</strong></span> <span class='ocrx_word' id='word_1_388' title='bbox 1006 4403 1085 4462; x_wconf 82' lang='lat' dir='ltr'><strong>enirn</strong></span> <span class='ocrx_word' id='word_1_389' title='bbox 1108 4405 1219 4463; x_wconf 83' lang='lat' dir='ltr'><strong>arrimas</strong></span> <span class='ocrx_word' id='word_1_390' title='bbox 1241 4404 1409 4474; x_wconf 83' lang='lat' dir='ltr'><strong>lrominum,</strong></span> <span class='ocrx_word' id='word_1_391' title='bbox 1434 4405 1515 4482; x_wconf 87' lang='lat' dir='ltr'><strong>qnasi</strong></span> <span class='ocrx_word' id='word_1_392' title='bbox 1532 4420 1591 4462; x_wconf 91' lang='lat' dir='ltr'><strong>non</strong></span> <span class='ocrx_word' id='word_1_393' title='bbox 1606 4407 1684 4461; x_wconf 89' lang='lat' dir='ltr'><strong>esset</strong></span> <span class='ocrx_word' id='word_1_394' title='bbox 1699 4398 1789 4458; x_wconf 72' lang='lat' dir='ltr'><strong>deone</strong></span> 
     </span>
     <span class='ocr_line' id='line_1_37' title="bbox 461 4500 1756 4584; baseline -0.005 -19"><span class='ocrx_word' id='word_1_395' title='bbox 461 4505 549 4564; x_wconf 86' lang='lat' dir='ltr'><strong>chara</strong></span> <span class='ocrx_word' id='word_1_396' title='bbox 572 4504 635 4562; x_wconf 81' lang='lat' dir='ltr'><strong>baec</strong></span> <span class='ocrx_word' id='word_1_397' title='bbox 658 4504 812 4580; x_wconf 86' lang='lat' dir='ltr'><strong>possessio.</strong></span> <span class='ocrx_word' id='word_1_398' title='bbox 858 4522 929 4581; x_wconf 86' lang='lat' dir='ltr'><strong>ergo</strong></span> <span class='ocrx_word' id='word_1_399' title='bbox 951 4522 1011 4562; x_wconf 90' lang='lat' dir='ltr'><strong>non</strong></span> <span class='ocrx_word' id='word_1_400' title='bbox 1041 4506 1158 4565; x_wconf 86' lang='lat' dir='ltr'><strong>luerunt</strong></span> <span class='ocrx_word' id='word_1_401' title='bbox 1186 4512 1335 4582; x_wconf 90' lang='lat' dir='ltr'><strong>pastores,</strong></span> <span class='ocrx_word' id='word_1_402' title='bbox 1370 4507 1436 4584; x_wconf 90' lang='lat' dir='ltr'><strong>quia</strong></span> <span class='ocrx_word' id='word_1_403' title='bbox 1466 4523 1525 4564; x_wconf 91' lang='lat' dir='ltr'><strong>non</strong></span> <span class='ocrx_word' id='word_1_404' title='bbox 1554 4500 1756 4563; x_wconf 87' lang='lat' dir='ltr'><strong>custodiebant</strong></span> 
     </span>
     <span class='ocr_line' id='line_1_38' title="bbox 423 4602 1755 4685; baseline -0.005 -18"><span class='ocrx_word' id='word_1_405' title='bbox 423 4645 429 4667; x_wconf 80' lang='lat' dir='ltr'><strong>t</strong></span> <span class='ocrx_word' id='word_1_406' title='bbox 459 4607 585 4674; x_wconf 88' lang='lat' dir='ltr'><strong>animas,</strong></span> <span class='ocrx_word' id='word_1_407' title='bbox 609 4603 660 4664; x_wconf 89' lang='lat' dir='ltr'><strong>sed</strong></span> <span class='ocrx_word' id='word_1_408' title='bbox 683 4605 861 4683; x_wconf 88' lang='lat' dir='ltr'><strong>perdebant,</strong></span> <span class='ocrx_word' id='word_1_409' title='bbox 891 4613 920 4666; x_wconf 94' lang='lat' dir='ltr'><strong>et</strong></span> <span class='ocrx_word' id='word_1_410' title='bbox 942 4605 1192 4667; x_wconf 89' lang='lat' dir='ltr'><strong>circumeuntibus</strong></span> <span class='ocrx_word' id='word_1_411' title='bbox 1221 4607 1399 4668; x_wconf 85' lang='lat' dir='ltr'><strong>dominicum</strong></span> <span class='ocrx_word' id='word_1_412' title='bbox 1429 4625 1550 4685; x_wconf 80' lang='lat' dir='ltr'><strong>gregem</strong></span> <span class='ocrx_word' id='word_1_413' title='bbox 1578 4604 1655 4682; x_wconf 83' lang='lat' dir='ltr'><strong>lupis</strong></span> <span class='ocrx_word' id='word_1_414' title='bbox 1684 4602 1755 4663; x_wconf 91' lang='lat' dir='ltr'><strong>obii·</strong></span> 
     </span>
     <span class='ocr_line' id='line_1_39' title="bbox 460 4706 1755 4788; baseline -0.005 -21"><span class='ocrx_word' id='word_1_415' title='bbox 460 4707 576 4767; x_wconf 90' lang='lat' dir='ltr'><strong>ciebant</strong></span> <span class='ocrx_word' id='word_1_416' title='bbox 598 4706 705 4767; x_wconf 83' lang='lat' dir='ltr'><strong>Christi</strong></span> <span class='ocrx_word' id='word_1_417' title='bbox 728 4727 811 4768; x_wconf 83' lang='lat' dir='ltr'><strong>oves:</strong></span> <span class='ocrx_word' id='word_1_418' title='bbox 846 4726 905 4767; x_wconf 90' lang='lat' dir='ltr'><strong>non</strong></span> <span class='ocrx_word' id='word_1_419' title='bbox 935 4715 1068 4785; x_wconf 88' lang='lat' dir='ltr'><strong>pastores</strong></span> <span class='ocrx_word' id='word_1_420' title='bbox 1096 4710 1215 4768; x_wconf 86' lang='lat' dir='ltr'><strong>suerunt</strong></span> <span class='ocrx_word' id='word_1_421' title='bbox 1244 4708 1300 4777; x_wconf 92' lang='lat' dir='ltr'><strong>illi,</strong></span> <span class='ocrx_word' id='word_1_422' title='bbox 1334 4712 1468 4788; x_wconf 90' lang='lat' dir='ltr'><strong>iuquam,</strong></span> <span class='ocrx_word' id='word_1_423' title='bbox 1503 4708 1554 4767; x_wconf 87' lang='lat' dir='ltr'><strong>sed</strong></span> <span class='ocrx_word' id='word_1_424' title='bbox 1585 4706 1663 4787; x_wconf 93' lang='lat' dir='ltr'><strong>lupi;</strong></span> <span class='ocrx_word' id='word_1_425' title='bbox 1698 4721 1755 4763; x_wconf 93' lang='lat' dir='ltr'><strong>nou</strong></span> 
     </span>
    </p>
   </div>
   <div class='ocr_carea' id='block_1_3' title="bbox 457 4916 1759 5160">
    <p class='ocr_par' dir='ltr' id='par_1_3' title="bbox 457 4916 1759 5160">
     <span class='ocr_line' id='line_1_40' title="bbox 457 4916 1756 4991; baseline -0.003 -14"><span class='ocrx_word' id='word_1_426' title='bbox 457 4916 466 4931; x_wconf 74' lang='lat'><strong>⁹</strong></span> <span class='ocrx_word' id='word_1_427' title='bbox 529 4926 696 4978; x_wconf 75' lang='lat' dir='ltr'><strong>¹²blirundn</strong></span> <span class='ocrx_word' id='word_1_428' title='bbox 714 4929 760 4979; x_wconf 87' lang='lat' dir='ltr'><strong>hie</strong></span> <span class='ocrx_word' id='word_1_429' title='bbox 779 4933 952 4978; x_wconf 79' lang='lat' dir='ltr'><strong>enarrentur.</strong></span> <span class='ocrx_word' id='word_1_430' title='bbox 970 4932 1125 4991; x_wconf 76' lang='lat' dir='ltr'><strong>morp.3.4.</strong></span> <span class='ocrx_word' id='word_1_431' title='bbox 1203 4926 1224 4958; x_wconf 84' lang='lat'><strong>¹⁷</strong></span> <span class='ocrx_word' id='word_1_432' title='bbox 1243 4929 1440 4980; x_wconf 79' lang='lat' dir='ltr'><strong>eleemosinam</strong></span> <span class='ocrx_word' id='word_1_433' title='bbox 1460 4933 1485 4977; x_wconf 79' lang='lat'><strong>6.</strong></span> <span class='ocrx_word' id='word_1_434' title='bbox 1557 4926 1577 4958; x_wconf 83' lang='lat'><strong>¹⁹</strong></span> <span class='ocrx_word' id='word_1_435' title='bbox 1595 4926 1717 4976; x_wconf 88' lang='lat' dir='ltr'><strong>millibus</strong></span> <span class='ocrx_word' id='word_1_436' title='bbox 1732 4925 1756 4973; x_wconf 79' lang='grc'><strong>6.</strong></span> 
     </span>
     <span class='ocr_line' id='line_1_41' title="bbox 460 5011 1759 5080; baseline 0.002 -19"><span class='ocrx_word' id='word_1_437' title='bbox 460 5011 483 5045; x_wconf 79' lang='lat'><strong>¹²</strong></span> <span class='ocrx_word' id='word_1_438' title='bbox 501 5012 605 5062; x_wconf 84' lang='lat' dir='ltr'><strong>Contra</strong></span> <span class='ocrx_word' id='word_1_439' title='bbox 618 5014 722 5062; x_wconf 91' lang='lat' dir='ltr'><strong>Leonis</strong></span> <span class='ocrx_word' id='word_1_440' title='bbox 735 5016 889 5063; x_wconf 81' lang='lat' dir='ltr'><strong>orationem</strong></span> <span class='ocrx_word' id='word_1_441' title='bbox 902 5014 937 5063; x_wconf 84' lang='lat' dir='ltr'><strong>ad</strong></span> <span class='ocrx_word' id='word_1_442' title='bbox 950 5011 1099 5079; x_wconf 85' lang='lat' dir='ltr'><strong>principes.</strong></span> <span class='ocrx_word' id='word_1_443' title='bbox 1113 5028 1192 5077; x_wconf 79' lang='lat' dir='ltr'><strong>marg.</strong></span> <span class='ocrx_word' id='word_1_444' title='bbox 1201 5015 1257 5062; x_wconf 68' lang='lat' dir='ltr'><strong>st.</strong></span> <span class='ocrx_word' id='word_1_445' title='bbox 1310 5014 1332 5045; x_wconf 83' lang='lat'><strong>³³</strong></span> <span class='ocrx_word' id='word_1_446' title='bbox 1350 5011 1487 5080; x_wconf 77' lang='lat' dir='ltr'><strong>prophet]</strong></span> <span class='ocrx_word' id='word_1_447' title='bbox 1501 5012 1603 5063; x_wconf 81' lang='lat' dir='ltr'><strong>Psalm.</strong></span> <span class='ocrx_word' id='word_1_448' title='bbox 1616 5011 1714 5061; x_wconf 85' lang='lat' dir='ltr'>CVIII.</span> <span class='ocrx_word' id='word_1_449' title='bbox 1725 5020 1759 5064; x_wconf 49' lang='lat' dir='ltr'><strong>ts,</strong></span> 
     </span>
     <span class='ocr_line' id='line_1_42' title="bbox 461 5093 1031 5160; baseline -0.005 -15"><span class='ocrx_word' id='word_1_450' title='bbox 461 5093 484 5126; x_wconf 71' lang='lat'><strong>⁸⁸</strong></span> <span class='ocrx_word' id='word_1_451' title='bbox 501 5098 581 5160; x_wconf 82' lang='lat' dir='ltr'><strong>quasi</strong></span> <span class='ocrx_word' id='word_1_452' title='bbox 599 5096 650 5146; x_wconf 86' lang='lat' dir='ltr'><strong>deo</strong></span> <span class='ocrx_word' id='word_1_453' title='bbox 668 5110 723 5147; x_wconf 88' lang='lat' dir='ltr'><strong>non</strong></span> <span class='ocrx_word' id='word_1_454' title='bbox 741 5103 816 5147; x_wconf 87' lang='lat' dir='ltr'><strong>esset</strong></span> <span class='ocrx_word' id='word_1_455' title='bbox 834 5098 920 5147; x_wconf 78' lang='lat' dir='ltr'><strong>chare</strong></span> <span class='ocrx_word' id='word_1_456' title='bbox 938 5102 986 5145; x_wconf 78' lang='lat' dir='ltr'><strong>MS.</strong></span> <span class='ocrx_word' id='word_1_457' title='bbox 1003 5106 1031 5143; x_wconf 82' lang='lat' dir='ltr'><strong>A.</strong></span> 
     </span>
    </p>
   </div>
   <div class='ocr_carea' id='block_1_4' title="bbox 0 0 2051 6209">
    <p class='ocr_par' dir='ltr' id='par_1_4' title="bbox 0 0 2051 6209">
     <span class='ocr_line' id='line_1_43' title="bbox 0 0 2051 6209; baseline 0 0"><span class='ocrx_word' id='word_1_458' title='bbox 0 0 2051 6209; x_wconf 95' lang='lat' dir='ltr'><strong> </strong></span> 
     </span>
    </p>
   </div>
  </div>
 </body>
</html>
