4067 6209
491 750 529 800 X·
554 762 673 800 unuln
685 763 722 798 AD
735 761 942 798 einnonem.
956 763 999 797 BP.
1014 763 1041 797 D.
1068 755 1099 797 12.
1114 763 1172 799 lun.
1187 757 1247 799 1512.
1260 764 1317 800 cuit
1329 763 1472 799 BNCOHHS.

605 922 659 979 Nee
672 922 725 979 tuit
740 930 788 978 aut
803 921 913 997 seriptis
928 923 1031 984 honor,
1054 932 1102 979 aut
1117 940 1164 979 sua
1180 923 1268 996 gloria
1286 923 1370 986 sarria,

677 1008 781 1065 Littera
796 1025 876 1081 quam
892 1009 967 1063 tenui
983 1010 1096 1065 eluxerat
1111 1007 1166 1064 ulta
1182 1009 1247 1071 fide:

606 1093 665 1167 lpsa
681 1093 733 1149 sibi
749 1110 847 1148 uiunus
863 1093 970 1167 peperit
985 1111 1040 1149 non
1057 1094 1152 1149 territa
1169 1095 1262 1155 virtus,

562 1202 576 1243 s
684 1178 793 1251 Hocque
809 1178 875 1232 satis
891 1177 976 1234 visum
991 1187 1043 1235 est.
1075 1175 1154 1245 ‘Ouid
1170 1179 1234 1236 mihi
1249 1179 1417 1253 posteritas?

605 1262 672 1331 Quid
689 1263 762 1337 quod
777 1280 872 1336 magua
889 1280 937 1318 sua
953 1271 1065 1319 uenerant
1080 1264 1113 1320 de
1128 1265 1214 1339 stirpe
1230 1264 1363 1338 nepotes?

678 1348 741 1404 fleo
755 1348 828 1411 iaus,
850 1348 991 1411 dixerunt,
1015 1349 1073 1406 oeia
1088 1367 1169 1423 prava
1186 1349 1278 1411 trahit,

518 1497 523 1508 Ι
606 1434 638 1490 Et
653 1433 780 1490 minimus
795 1433 903 1489 virtutis
919 1434 1008 1490 honos
1024 1450 1054 1493 ao
1069 1434 1175 1491 versilis
1190 1434 1285 1491 unitura
1301 1442 1352 1496 est,

553 1540 579 1581 ia
685 1519 712 1574 Si
728 1517 770 1573 vel
785 1517 819 1573 ab
834 1520 953 1574 externis
969 1520 1056 1575 victor
1071 1520 1097 1575 in
1115 1519 1181 1576 orbe
1197 1521 1278 1577 [erar.

607 1605 663 1661 lloe
678 1603 760 1660 etiam
775 1611 907 1676 poterunt
923 1622 1015 1678 nugae,
1038 1604 1116 1661 Latio
1132 1622 1166 1660 ne
1180 1604 1247 1660 fides
1263 1604 1315 1660 sit?

679 1689 799 1762 Cumque
815 1689 866 1744 hoe
881 1706 997 1764 eumque
1012 1687 1079 1745 illud
1094 1689 1203 1746 credula
1221 1688 1299 1745 turba
1315 1689 1391 1764 legit,

609 1774 736 1831 Historiei
751 1773 888 1830 mendacis
903 1782 963 1830 erat
976 1774 1041 1831 dare
1057 1774 1178 1850 pondera
1193 1774 1287 1838 rebus;

554 1883 579 1925 ts
683 1857 851 1939 Heus-saule
866 1866 909 1915 est
923 1858 1012 1915 verbis
1028 1859 1126 1917 tollere
1142 1859 1182 1938 vexi
1198 1877 1338 1935 premere;

606 1945 638 2003 Et
653 1944 752 2003 cecinit
767 1952 876 2000 nostras
890 1944 960 2001 Latii
976 1944 1099 2001 facundia
1114 1943 1216 2008 laudes,

679 2029 767 2085 Invida
784 2029 831 2085 sed
846 2047 915 2103 gens
930 2030 988 2087 haee
1003 2030 1159 2087 Theutonas
1174 2030 1238 2105 igne
1253 2029 1325 2085 tulit.

606 2116 698 2173 Fortia
714 2122 782 2189 quot
797 2113 873 2170 nulio
887 2123 1074 2172 memorantur
1089 2123 1200 2191 pectora
1215 2116 1339 2172 honore?

469 2263 477 2275 ,
550 2224 577 2265 20
683 2200 810 2274 Quotque
824 2199 912 2255 latent
927 2217 1044 2273 quorum
1060 2201 1157 2275 sydera
1173 2209 1250 2273 gesta
1266 2199 1395 2275 videns?¹

607 2288 651 2343 Sie
666 2286 752 2344 sensit
767 2284 843 2341 nulio
858 2286 983 2343 domitus.
995 2294 1052 2342 tum
1064 2285 1152 2342 milite
1167 2286 1254 2349 miles,

680 2370 713 2426 Et
728 2371 793 2427 sorti
810 2379 852 2426 est
866 2388 977 2426 mensus
993 2372 1074 2426 fortia
1090 2372 1161 2428 taeta
1176 2388 1265 2427 manu.

607 2457 659 2513 Seu
675 2455 772 2512 melius
787 2473 877 2511 rerum
894 2455 970 2511 vobis
987 2456 1038 2512 iam
1054 2457 1187 2538 prospicit
1203 2458 1279 2518 ordo.

550 2563 577 2606 ῃ
684 2541 716 2597 Et
731 2540 799 2596 nihil
814 2540 871 2597 haee
886 2550 1003 2614 possunt
1018 2542 1117 2597 saecula
1133 2551 1222 2599 vestra
1237 2542 1325 2617 queri,

607 2627 708 2683 Invicto
725 2626 824 2700 quibus
840 2634 882 2681 est
896 2626 985 2682 Pallas
1000 2627 1148 2688 coniuncta
1163 2628 1287 2689 Gradivo,

680 2711 744 2778 Quae
760 2711 824 2767 iacit
839 2719 870 2767 ut
885 2711 991 2784 relegat
1005 2712 1119 2767 Caesaris
1135 2721 1193 2768 aeta
1209 2730 1304 2786 nepos,

608 2797 641 2854 Et
657 2812 827 2871 quaeeunque
841 2814 913 2852 novo
928 2796 1016 2852 virtus
1032 2805 1152 2853 veterata
1169 2798 1260 2854 nitore

552 2906 579 2948 ῃ
686 2882 714 2936 ln
724 2882 840 2937 'iuvenes
857 2882 963 2938 tractim
978 2881 1098 2938 eontulit
1113 2883 1195 2956 inque
1211 2900 1299 2945 senes,

608 2969 705 3025 Vester
720 2967 869 3023 inextincto
884 2984 1019 3040 nusquam
1034 2967 1097 3023 dum
1113 2967 1203 3023 neuen
1219 2968 1287 3024 ordo

680 3051 801 3114 Robore.
824 3052 887 3107 dum
902 3052 988 3108 virtus
1004 3052 1101 3109 bellica
1116 3053 1203 3108 maior
1217 3053 1302 3116 adest,

607 3140 729 3212 Dumque
744 3137 793 3192 viri
810 3137 889 3193 simul
906 3155 979 3193 arma
996 3138 1088 3193 serunt
1104 3138 1131 3192 in
1147 3146 1220 3193 vasta
1236 3137 1355 3193 niinaees

552 3246 579 3288 32
686 3222 815 3296 Agmina,
838 3223 901 3278 dum
918 3231 1015 3295 gentes
1031 3223 1063 3278 ad
1079 3240 1127 3278 sua
1143 3224 1219 3279 [rena
1234 3224 1354 3284 domant,

540 3374 541 3377 Ἰ
607 3311 673 3366 Duru
689 3326 749 3382 quae
764 3307 898 3364 Phoebeos
913 3325 1006 3369 casus,
1031 3326 1091 3381 quae
1107 3316 1213 3381 spectat
1229 3317 1257 3364 et
1273 3316 1351 3364 ortus

680 3392 786 3455 Tellus,
803 3392 936 3449 Gerniauo
951 3392 1038 3449 milite
1054 3401 1150 3449 cuneta
1167 3393 1251 3449 timet.

608 3482 720 3537 Postera
737 3486 764 3534 et
779 3478 836 3535 haee
852 3478 920 3532 viset
935 3478 1047 3534 liutteni
1062 3478 1182 3534 carmine
1197 3479 1291 3552 pubes,

551 3589 578 3631 30
684 3564 854 3635 Maioresque
869 3564 974 3618 animos
988 3564 1047 3619 liaeo
1062 3564 1227 3619 monimenta
1243 3564 1354 3625 stabunt,

606 3651 653 3706 tlui
670 3649 759 3704 Venus
775 3649 807 3703 aii
824 3657 929 3704 versum
946 3649 1031 3710 ridet,
1052 3648 1095 3704 eui
1110 3648 1228 3703 I'lieebus
1244 3647 1343 3721 Apollo

680 3734 821 3790 Maeonium
838 3733 953 3806 inspirat
967 3733 1192 3806 Pindarieunique
1208 3734 1303 3793 melos.

607 3819 826 3876 Maximilianaeos
842 3819 972 3874 referenti
990 3818 1015 3872 in
1032 3818 1150 3874 eariniue
1167 3817 1266 3880 vultus,

554 3929 581 3970 te
687 3905 811 3960 (laetanti
827 3912 855 3960 et
872 3903 985 3977 trepidis
1000 3902 1114 3959 classica
1131 3904 1200 3959 iusta
1216 3904 1318 3960 inodis:

608 3991 667 4059 Quo
683 3990 705 4044 si
723 3997 781 4045 vate
797 4007 875 4045 suuni
891 3989 988 4063 perdet
1002 3989 1144 4045 Gerinania
1160 4007 1268 4052 nemen,

681 4074 737 4132 lloe
753 4073 793 4129 vel
809 4092 886 4148 aquae
903 4073 1033 4136 tulerint,
1058 4073 1098 4130 vel
1114 4075 1184 4147 [eret
1200 4075 1271 4150 ignis
1287 4076 1361 4131 edax.

351 4228 553 4238 ——-—-

411 4346 432 4380 ¹⁰
449 4348 508 4397 otia
521 4351 547 4397 2.
619 4343 639 4376 ¹⁴
658 4356 741 4408 eunq3
758 4342 824 4404 hoe,
845 4356 929 4406 cuiiqj
942 4344 966 4390 1.
990 4339 1027 4401 (li.
1041 4357 1064 4391 e.
1078 4344 1202 4408 quaelibet,
1220 4350 1345 4409 pronttsee
1357 4343 1452 4408 omnia)
1522 4341 1542 4375 ¹⁸
1565 4343 1635 4392 Teu·

348 4436 423 4484 tonas
434 4437 459 4484 2.
531 4433 554 4465 ²⁰
572 4432 664 4482 sidera
677 4433 703 4480 2.
773 4426 796 4460 ³⁸
808 4428 958 4478 Mooouium
972 4429 996 4476 1.
