4067 6209
419 757 490 830 434
564 770 671 820 (fetu.
692 787 774 820 enorr
790 785 905 820 aoniam
920 786 956 820 an
970 784 1117 821 nanrrsru
1130 785 1281 822 nrrnnnru
1294 784 1336 822 ar.
1352 787 1378 822 o.
1392 781 1412 822 a.
1428 785 1491 824 nro.
1509 780 1571 823 tatu.

418 952 488 1007 niam
512 949 624 1005 subiecti
645 948 775 1002 homiues.
821 946 973 999 llenoratur
1001 946 1065 999 mihi
1094 946 1222 1000 memoria
1248 954 1325 1000 retus
1354 947 1387 1001 de
1413 948 1552 1021 tragaedia
1585 949 1719 1002 reverendi

362 1035 580 1109 §.nliapnionis
608 1034 686 1087 <errius
712 1048 801 1085 annno
828 1029 918 1102 spacio
940 1037 1078 1102 spectator
1101 1030 1147 1084 lui.
1193 1028 1223 1083 Et
1247 1029 1339 1101 lingua
1361 1039 1388 1085 ct
1410 1031 1535 1087 calamus
1555 1033 1677 1089 debriet.
1699 1035 1718 1086 si

416 1120 494 1175 aelim
526 1135 666 1173 recensere
696 1114 885 1184 theologorum
913 1114 1057 1173 insaniam.
1092 1131 1208 1186 «pitirum
1237 1115 1348 1170 allectus
1378 1114 1467 1170 inreni
1500 1116 1716 1172 rrrnherrnlarum

416 1202 667 1280 pertnrhationilms
686 1200 852 1271 agitatiores.
897 1201 917 1251 tl
941 1199 962 1252 si
984 1216 1045 1252 ierim
1070 1215 1119 1253 suo
1141 1198 1255 1253 artificio
1277 1200 1418 1271 prodirent
1440 1200 1553 1257 obscuri
1576 1202 1643 1260 riri,
1668 1220 1716 1274 qno

416 1309 465 1363 pro
489 1289 585 1344 tranuito
615 1305 664 1339 sun
693 1277 898 1342 illushreutm·
922 1283 1010 1337 denuo
1040 1282 1203 1337 tenebricosi
1232 1292 1338 1355 patres,
1370 1284 1418 1357 qni
1446 1285 1529 1341 aliter
1556 1304 1606 1342 nec
1630 1283 1734 1341 volunta

419 1393 466 1429 mn.
489 1380 605 1448 possunt
629 1369 759 1424 illustrari
783 1385 862 1440 quarn
885 1385 932 1421 sna
956 1365 1031 1423 lnce.
1054 1366 1104 1421 hoc
1121 1375 1177 1427 est.
1198 1385 1277 1440 quam
1300 1367 1411 1442 capiunt
1433 1389 1447 1425 a
1470 1388 1523 1426 suo
1545 1370 1626 1426 curlo.
1672 1371 1716 1423 Sed

360 1458 563 1533 §.nprmlihunt
583 1470 672 1527 spero.
717 1452 775 1507 Non
798 1460 902 1506 tantum
924 1460 1071 1524 peccarunt
1093 1451 1285 1512 lovanienses.
1306 1453 1433 1524 (quoniam
1456 1454 1590 1528 quiequid
1614 1454 1718 1509 illorum

418 1542 528 1598 ursaniae
548 1550 590 1595 est
615 1541 640 1593 in
665 1538 716 1592 hoe
739 1536 849 1595 iudicio.
883 1536 907 1590 id
933 1553 946 1589 a
972 1534 1179 1590 llnlonienslhus
1201 1554 1231 1591 ae
1256 1537 1289 1591 ah
1310 1535 1473 1594 Hothstrato
1495 1539 1606 1594 initium
1627 1540 1716 1611 erepit:

418 1628 462 1682 ille
485 1644 538 1681 mm
566 1626 687 1697 quiescet
709 1622 795 1676 donec
816 1620 914 1676 misera
937 1620 1024 1675 amnia
1048 1620 1073 1673 in
1097 1620 1343 1694 perditocorpore
1371 1621 1528 1678 luctabitur.
1574 1624 1716 1678 Laranieu·

361 1714 485 1771 §.osium
509 1726 588 1764 error
615 1709 641 1762 in
667 1706 760 1761 uudtis
780 1705 881 1759 vertiam
902 1705 1007 1759 ridetur
1030 1704 1138 1759 hahere.
1182 1705 1359 1761 Colonienses
1383 1708 1415 1762 de
1441 1708 1577 1762 industria
1600 1716 1744 1781 peccantia

417 1814 532 1871 qnorum
556 1792 704 1849 sceleratus
726 1790 779 1845 dun
802 1807 889 1862 nuper
913 1789 1040 1861 periisset
1062 1788 1152 1860 gladio
1176 1789 1293 1845 llntheni
1311 1806 1365 1845 uon
1384 1792 1480 1864 procul
1502 1810 1516 1846 a
1539 1792 1672 1852 lovanio.
1693 1792 1716 1845 ni

418 1882 554 1952 indignam
584 1877 634 1931 sihi
666 1883 789 1949 putasset
815 1873 1029 1928 lloehstraticam
1054 1882 1168 1928 litantem
1198 1874 1326 1946 generosi
1355 1876 1435 1931 animi
1465 1877 1587 1932 iuvenis:
1620 1876 1718 1931 ‹lunisit

418 1965 553 2039 trepidum
577 1960 763 2034 sanguineque
782 1967 926 2015 carentem.
971 1957 1022 2012 Sed
1045 1958 1125 2012 ruims
1147 1958 1270 2014 unianimis
1292 1960 1319 2013 in
1342 1969 1368 2015 te
1391 1969 1418 2015 ct
1439 1961 1613 2035 liapnionem
1635 1968 1718 2016 cesset

348 2046 592 2125 §.tupertnrharm
624 2045 670 2099 sed
693 2044 779 2099 nescit
807 2043 884 2098 hnem
913 2043 998 2097 furor.
1044 2041 1141 2097 blultas
1168 2051 1263 2116 postea
1294 2043 1403 2100 technas
1432 2047 1532 2102 struxit
1562 2045 1716 2104 sceleratus.

416 2152 483 2209 qum
506 2132 616 2203 longum
639 2131 710 2184 foret
733 2145 857 2183 narrare:
892 2136 998 2199 tempus
1021 2126 1163 2188 indicabit,
1188 2128 1233 2183 nbi
1256 2127 1371 2184 vindicta
1395 2138 1504 2203 saraipta
1527 2132 1613 2186 fuerit
1639 2148 1652 2185 a
1679 2147 1745 2189 sen

414 2219 515 2276 ‹litioso
535 2225 619 2290 patre.
664 2214 739 2269 Sedit
760 2230 863 2268 rneemn
883 2211 974 2266 Vuldan
992 2210 1013 2263 l'
1033 2211 1104 2272 dies,
1128 2230 1229 2284 'raucos
1249 2222 1312 2286 post
1333 2215 1390 2270 (lies
1408 2215 1454 2271 nbi
1475 2233 1537 2271 curn
1556 2214 1717 2270 llnchstrato

416 2305 504 2360 linerat
526 2317 699 2373 ‹eirrrgressus
745 2296 845 2353 Vellem
868 2296 951 2352 scires
977 2304 1052 2350 artos
1079 2297 1311 2353 sanctissimorum
1340 2308 1461 2372 patrum.
1491 2309 1548 2355 turn
1582 2299 1610 2354 in
1636 2298 1716 2357 ltalia.

418 2399 474 2444 tum
498 2389 523 2441 in
547 2385 701 2444 lternrania.
726 2382 851 2456 epitimiam
875 2389 903 2436 et
925 2380 952 2454 in
974 2380 1043 2435 hanc
1064 2380 1145 2437 llonia
1169 2382 1307 2453 migrarit:
1336 2383 1459 2440 Scribere
1475 2401 1531 2440 non
1556 2383 1635 2439 licet:
1663 2392 1718 2438 tan·

345 2486 365 2535 ς,
377 2486 408 2530 n.
419 2484 475 2530 tum
493 2478 549 2531 cst,
573 2469 675 2525 insidia
699 2485 802 2539 iringum
819 2475 882 2521 sunt
901 2465 1009 2539 ubique.
1047 2464 1173 2521 lmsimus
1192 2468 1314 2539 quaedam
1331 2469 1363 2523 de
1376 2468 1489 2524 Brachia
1505 2469 1611 2524 domini
1626 2477 1717 2524 contra

418 2558 557 2615 llraehium
581 2553 716 2613 seculare.
740 2552 811 2625 iqirnd
835 2552 960 2605 imecurt
979 2550 1025 2622 qni
1049 2550 1084 2604 nil
1110 2550 1221 2623 impium
1241 2569 1296 2607 non
1316 2553 1447 2609 invocant.
1489 2554 1540 2608 Sed
1565 2570 1622 2627 quo
1643 2550 1746 2610 laborat

415 2643 462 2718 qui
481 2639 569 2695 brevis
590 2655 651 2692 esse
671 2636 760 2692 voluit
784 2636 810 2689 in
832 2634 998 2691 contrarium
1021 2635 1114 2689 vitium
1135 2636 1243 2709 rapior:
1266 2637 1432 2698 deveniam,
1448 2638 1577 2700 hlartine,
1600 2636 1718 2711 pontifex

399 2723 599 2804 junctissime,
629 2738 705 2776 sititor
727 2720 754 2773 in
778 2728 804 2773 te
827 2736 903 2773 ruens
927 2719 990 2773 lecit
1013 2736 1054 2774 ure
1077 2718 1231 2793 loquacem,
1261 2730 1287 2776 et
1307 2729 1412 2794 partem
1440 2723 1573 2796 temporis
1597 2721 1716 2777 abstulit.

413 2803 492 2880 Qiiird
515 2805 586 2860 rolni
609 2823 670 2860 cnm
692 2803 851 2859 ‹laetissino
871 2801 997 2875 Philippo
1022 2805 1233 2866 conununicare.
1258 2803 1303 2860 ille
1321 2823 1362 2861 me
1397 2807 1532 2862 revocarit
1548 2805 1626 2862 valde
1641 2807 1717 2862 dareta

414 2890 530 2968 epistola
552 2891 583 2944 ad
608 2887 823 2948 rescribendum,
850 2903 1003 2961 quanquam
1029 2889 1102 2943 tarde
1126 2888 1237 2944 reddita.
1281 2890 1346 2946 h'am
1371 2826 1438 2946 him
1465 2909 1508 2947 me
1537 2892 1638 2965 quaerit
1668 2908 1717 2946 rina

347 2990 475 3040 §.tactim
495 2985 539 3030 tna
559 2975 585 3028 in
601 2974 689 3034 ltalia,
712 2982 775 3046 post
797 2980 928 3028 semestre
949 2972 1066 3045 spatimn
1087 2992 1128 3028 me
1147 2974 1247 3029 invenit
1267 2983 1403 3031 errantem
1422 2976 1447 3030 in
1464 2975 1618 3031 Germania.
1657 2976 1744 3034 fuito

416 3063 487 3117 enim
516 3059 580 3114 mihi
609 3059 631 3114 is
663 3075 750 3112 annus
779 3056 1059 3118 inconstantissiums,
1097 3057 1153 3112 t'um
1181 3059 1206 3112 in
1234 3058 1322 3122 ltalia,
1351 3069 1407 3115 tum
1435 3062 1461 3114 in
1485 3060 1643 3120 Germania:
1673 3060 1715 3115 uhi

417 3145 540 3219 inprimis
559 3143 631 3198 rodni
655 3143 808 3215 quiescere,
832 3141 956 3215 inprimis
979 3152 1036 3196 erat
1060 3143 1301 3215 peregrinandum.
1329 3146 1401 3218 quod
1428 3144 1469 3200 his
1492 3143 1590 3202 diebus
1613 3145 1715 3203 accidit.

415 3229 633 3303 «qnandoquidem
659 3245 718 3282 cum
748 3245 835 3300 nuper
861 3244 948 3282 essem
973 3226 998 3280 in
1022 3227 1119 3281 itinere
1142 3228 1173 3282 ad
1196 3228 1330 3284 llttbianos
1353 3246 1440 3291 meos,
1471 3228 1584 3286 substiti
1607 3231 1651 3286 hic
1673 3229 1716 3284 Er-

416 3314 511 3369 furdim
533 3314 603 3386 apud
622 3321 727 3366 roto-os
746 3313 854 3368 auriens.
891 3311 1003 3365 biduum
1026 3330 1079 3366 urm
1098 3312 1177 3370 abiit.
1202 3312 1238 3367 ihi
1259 3313 1296 3367 nil
1316 3312 1368 3370 tale
1387 3314 1508 3388 opinanti
1524 3316 1717 3387 praefecturam

417 3397 571 3453 scholastici
596 3397 698 3450 orilinis
720 3397 923 3452 ileruandarmu,
969 3397 1111 3456 decorari,
1134 3398 1181 3452 sed
1204 3415 1332 3454 recusans
1355 3398 1389 3454 ob
1412 3399 1589 3472 ignominiam
1607 3409 1747 3456 conctusa>

416 3501 476 3537 snm
505 3481 609 3535 sirbire:
645 3481 728 3552 igitur
753 3490 847 3536 curura
874 3481 994 3536 olhrinm
1022 3481 1126 3555 providi
1157 3482 1243 3556 patris
1275 3483 1401 3546 familias,
1434 3484 1555 3557 propriis
1586 3484 1717 3558 neglectis

416 3567 501 3621 aliena
529 3582 609 3624 irruo.
640 3566 666 3618 iu
691 3565 828 3638 republica
857 3566 1057 3626 studiosorum,
1088 3583 1167 3639 qnam
1190 3566 1283 3623 Eccius
1309 3576 1371 3630 tuus
1399 3578 1514 3624 conatur
1543 3570 1716 3643 perturbare.

347 3651 470 3715 §.ta.Scal
493 3648 647 3723 Philippum
673 3649 803 3704 salutabis
825 3660 982 3705 reverenter
1003 3660 1100 3705 nostro
1126 3653 1233 3707 nomine
1260 3653 1415 3725 veniamque
1438 3653 1516 3709 nohis
1540 3654 1575 3709 ab
1597 3654 1647 3709 illo
1672 3656 1718 3709 im·

417 3735 549 3810 petrahis.
574 3735 595 3787 si
618 3734 749 3795 breuiter,
770 3745 817 3789 aut
839 3733 913 3788 nulla
936 3735 1094 3791 scribemus.
1114 3733 1242 3792 'linorem
1261 3738 1351 3796 dimit.
1372 3736 1494 3793 fortunet
1509 3739 1580 3794 neos
1603 3739 1717 3795 sanctis·

415 3822 509 3875 simam
532 3819 702 3878 societatem.
727 3828 755 3873 nt
774 3819 861 3873 rideat
880 3819 974 3874 heatus
995 3829 1072 3892 pater
1089 3820 1205 3875 liliorum
1227 3838 1337 3877 snorum
1356 3821 1382 3876 iu
1400 3822 1514 3878 circuitu
1531 3840 1635 3879 ancusae
1653 3842 1747 3884 satanas

346 3908 480 3970 §.talliam
502 3904 619 3959 hlntiano
641 3904 691 3958 iarn
713 3920 798 3957 annos
819 3903 924 3976 aliquot
945 3904 1094 3966 contendo,
1118 3914 1306 3979 contemptore
1322 3906 1441 3979 coniugii
1461 3916 1489 3962 et
1510 3925 1641 3980 praecone
1658 3910 1717 3962 ritae

414 3988 638 4048 sacrificulorum,
663 4006 714 4059 ego
734 3997 840 4047 curura,
864 3989 1021 4060 coniugium
1043 3991 1167 4062 praefero.
1213 3991 1303 4065 itaque
1328 3990 1374 4064 qui
1396 4009 1483 4046 meum
1506 3992 1655 4048 consilium
1679 4011 1718 4047 se·

414 4083 548 4146 quantur,
565 4091 663 4128 risores
682 4071 732 4126 sihi
746 4072 889 4128 collocant.
920 4074 1081 4147 llaptissime
1097 4074 1228 4131 Erfurdiae
1245 4076 1270 4131 in
1287 4075 1437 4149 pervigiliis
1449 4075 1566 4138 nicolai,
1586 4077 1619 4132 n.
1630 4078 1717 4132 ΗΧ.

482 4340 503 4373 ¹¹
522 4342 558 4390 ef.
579 4341 667 4389 locum
688 4356 719 4387 ex
738 4339 907 4388 lloehstrato
926 4345 1027 4390 ovante
1050 4342 1143 4407 paullo
1162 4342 1235 4392 infra
1253 4343 1345 4408 plll.
1366 4343 1527 4394 exhibitum.
1596 4344 1616 4377 ¹³
1636 4349 1716 4396 molto

414 4431 569 4485 carentem,
590 4425 637 4474 sed
650 4442 684 4473 m.
699 4441 747 4485 nn,
768 4426 796 4472 ni
810 4430 837 4472 te
886 4424 906 4456 ¹⁹
924 4427 1054 4493 Lusimns
1068 4426 1202 4492 quaedam]
1222 4428 1258 4476 cf.
1273 4443 1331 4493 seq.
1344 4430 1461 4477 Hutteni
1475 4429 1625 4493 epistolam
1646 4432 1662 4492 δ
1678 4432 1718 4480 12.

412 4513 435 4543 ²³
455 4511 594 4561 linbimros
607 4507 691 4573 nitens}
712 4510 729 4557 i.
744 4525 768 4557 e.
782 4509 1023 4560 Dornheimenaes.
1070 4510 1123 4543 ²²³⁰
1141 4512 1266 4577 praefeel.
1280 4512 1365 4562 schol.
1379 4511 1446 4577 ord]
1466 4520 1641 4564 rectoratum
1659 4518 1717 4565 uui·

413 4598 557 4647 versitatis
576 4596 656 4644 hodie
676 4601 786 4644 roemrt.
846 4594 868 4625 ³⁵
886 4602 915 4643 nt
934 4595 1029 4645 rideat
1041 4595 1083 4660 aad
1104 4598 1146 4646 Cf.
1161 4595 1437 4647 nsanocxxvtna.
