4067 6209
346 762 417 834 ¹52
464 776 562 827 LXIV·
582 790 787 826 eructantium
799 790 887 825 PBAEF·
900 789 937 825 An
950 788 1067 825 nvcttnt
1081 789 1265 829 PISCATOBRH.
1280 791 1306 825 D.
1320 784 1354 825 3⁰.
1369 789 1434 826 RVG.
1449 782 1509 825 1517.

344 952 408 1010 beni
432 967 539 1024 semper
560 948 692 1023 pestilens
714 948 815 1021 linguae
837 948 933 1004 vicium
956 949 1087 1004 acerrime
1109 956 1174 1004 sunt
1194 949 1335 1010 detestati,
1359 950 1432 1022 qued
1455 958 1483 1004 et
1499 949 1641 1024 impuden-

345 1038 450 1094 tissime
472 1034 570 1108 cuique
593 1035 706 1089 niarime
727 1034 888 1105 contingere
911 1033 990 1088 solet.
1036 1033 1100 1101 Orare
1124 1034 1146 1088 si
1169 1033 1448 1105 Reuclalinemastiges
1464 1034 1502 1089 illi
1519 1021 1662 1090 exactius'

345 1120 567 1196 perpendissent,
597 1131 735 1191 nunquam
764 1118 961 1173 sanctissimam
983 1118 1083 1173 Christi
1114 1118 1191 1174 fidem
1221 1113 1587 1175 sordidissimis'maledictis
1610 1137 1642 1174 ac

346 1205 430 1262 illotis
453 1202 624 1259 sermonibus
646 1203 806 1258 stabilienda
835 1220 896 1258 esse
923 1204 1108 1264 censuissent,
1138 1221 1275 1277 relinquam
1305 1205 1373 1262 tanti
1403 1203 1641 1285 debonestamenti

345 1289 446 1346 idolum
469 1288 634 1348 erexissent.
666 1305 716 1361 per
736 1288 813 1343 euius
837 1305 868 1342 es
890 1288 1026 1361 impurum
1049 1289 1122 1361 qued
1144 1289 1195 1361 ipsi
1219 1288 1305 1362 palam
1329 1306 1383 1343 nen
1406 1289 1551 1349 inderent,
1584 1297 1662 1343 tama

345 1375 476 1431 elirenate
498 1371 723 1443 deblacterarent.
746 1390 818 1428 nrrnc
840 1389 904 1427 vere
927 1372 1064 1446 personali
1080 1391 1110 1430 ac
1125 1373 1208 1445 digno
1225 1372 1354 1448 operculo
1372 1373 1435 1428 tecti
1452 1374 1542 1429 emnia
1557 1373 1640 1429 etiam

346 1461 373 1514 in
396 1475 491 1514 omnes
512 1457 564 1512 sibi
586 1456 668 1513 licere
690 1452 872 1513 arbitrantur:
895 1471 957 1513 iram
979 1466 1009 1512 ut
1032 1457 1150 1530 reliquas
1173 1475 1267 1513 eorum
1284 1457 1376 1513 sileam
1394 1459 1524 1532 ineptias,
1548 1474 1641 1514 nenne

269 1594 280 1610 ,
345 1545 397 1599 hec
419 1541 527 1616 piaculo
548 1541 590 1597 vel
613 1542 669 1597 risu
692 1542 784 1615 petius
806 1542 932 1613 dignum,
957 1542 1029 1615 qued
1052 1550 1094 1598 tot
1116 1549 1263 1615 tantosque
1286 1543 1357 1597 vires
1381 1551 1434 1598 tam
1455 1543 1586 1599 ellrenite
1602 1541 1641 1597 la·

345 1643 466 1688 cessere,
494 1635 549 1682 tam
578 1626 734 1700 petulanter
762 1626 893 1699 sugillare
915 1644 969 1683 uon
992 1636 1134 1689 verentur,
1162 1627 1314 1682 Conradum
1336 1627 1498 1699 Peutinger‚
1528 1628 1566 1684 le.
1590 1627 1641 1682 Cu·

346 1712 511 1787 spinianum,
535 1712 581 1785 qui
604 1711 683 1767 ambo
706 1719 808 1785 praeter
830 1711 897 1767 iuris
920 1711 1038 1767 lauream
1061 1730 1091 1767 ea
1114 1711 1220 1784 fulgent
1243 1712 1390 1784 dignitate.
1413 1719 1445 1766 ut
1459 1712 1511 1767 diri
1528 1723 1675 1787 quoquere

345 1798 458 1854 Caesaris
486 1797 565 1852 etiam
593 1795 787 1852 secretioribus
814 1795 993 1852 adhibeantur
1014 1796 1148 1858 consiliis,
1178 1797 1341 1852 loaebimurn
1365 1796 1523 1857 l'adianum,
1553 1796 1642 1851 Simo·

346 1900 407 1938 nem
430 1881 552 1941 Lamum,
582 1898 652 1954 ques
681 1898 774 1936 omnes
802 1882 914 1937 honeris
942 1882 1030 1954 gratia
1053 1881 1178 1955 appelle?
1195 1881 1362 1948 ‘Quinimmo
1385 1865 1487 1937 cavillis
1510 1882 1640 1938 insectari

347 1975 389 2023 sat
411 1983 465 2021 uen
488 1973 559 2028 erat,
583 1966 634 2021 nisi
658 1982 689 2021 er
712 1966 851 2033 hominurn
873 1967 975 2022 eiectos
998 1983 1111 2022 numero
1134 1967 1214 2021 etiam
1237 1966 1325 2021 lirutis
1348 1966 1537 2039 impurissimis
1554 1966 1639 2039 aequi·

347 2058 503 2125 parassent:
532 2050 648 2112 mutuis,
663 2063 665 2067 ’
679 2050 819 2124 inquiunt,
850 2067 879 2106 se
902 2050 1026 2115 laudibus
1049 2050 1184 2107 extollunt
1205 2069 1236 2108 ao
1258 2068 1403 2125 percorum
1427 2069 1502 2107 mere
1526 2050 1640 2107 fricant:

347 2136 434 2210 proh,
462 2152 542 2208 quam
568 2134 649 2207 digna
672 2136 789 2191 recutite
811 2136 913 2191 homini
936 2154 968 2192 ex
990 2137 1056 2191 hara
1077 2136 1257 2209 comparatio.
1286 2136 1331 2191 cui
1353 2143 1455 2198 taurea,
1483 2154 1544 2193 cum
1568 2136 1676 2191 naues

342 2220 463 2294 ‘amplius
484 2220 619 2276 iudaizare
641 2220 761 2282 dicatur,
787 2220 887 2281 suilla,
916 2239 948 2277 er
975 2239 1029 2293 qua
1051 2221 1121 2295 apud
1143 2230 1249 2277 veteres
1272 2221 1469 2294 quinquaginta
1491 2222 1577 2276 ierme
1600 2239 1642 2276 sa·

348 2323 429 2379 peres
458 2304 515 2360 lieri
546 2304 684 2367 solebant,
715 2305 798 2361 veluti
822 2323 928 2379 pernas,
959 2314 1119 2379 petasones,
1151 2305 1285 2367 lucanica,
1313 2305 1463 2380 tomacula,
1493 2306 1583 2360 insilia
1614 2315 1643 2360 et

348 2390 452 2463 reliqua
482 2390 507 2444 id
530 2405 617 2461 genus
646 2387 799 2452 larcimina,
830 2408 885 2445 non
914 2399 967 2447 tam
996 2390 1162 2453 abominale,
1192 2391 1238 2445 sed
1267 2391 1293 2446 in
1322 2384 1553 2446 ileliciis'merito
1581 2408 1643 2445 esse

348 2474 443 2531 debet:
471 2491 532 2529 narn
555 2474 644 2529 emnia
667 2475 765 2529 munda
788 2475 908 2530 mundis:
939 2493 1023 2549 perro
1046 2476 1194 2531 Germanias
1217 2468 1319 2531 nestrae
1348 2493 1423 2548 spem
1452 2475 1641 2535 certissimam.

350 2558 499 2614 l'dalricum
522 2557 684 2619 Huttenum,
712 2567 740 2613 et
768 2557 918 2613 nobilitatis
946 2567 1089 2615 stemmate
1116 2560 1217 2615 clarum
1247 2567 1274 2615 et
1302 2560 1412 2631 ingenio
1435 2578 1465 2615 ac
1487 2559 1678 2618 eruditionem

349 2650 539 2716 praestantem,
562 2658 617 2696 nen
640 2641 727 2697 selum
751 2644 1045 2716 pseudochristianum
1068 2644 1219 2718 appellare,
1244 2644 1289 2700 sed
1313 2645 1406 2705 ctiam,
1430 2645 1452 2698 si
1475 2645 1526 2699 diis
1543 2644 1642 2717 placet,

351 2725 397 2782 tali
420 2726 478 2781 viro
501 2725 588 2799 palam
611 2725 745 2788 minitari,
774 2745 805 2783 ac
833 2745 940 2783 emnem
968 2729 1153 2784 defensionem
1177 2731 1285 2802 penitus
1308 2729 1474 2784 adimendam
1497 2746 1558 2783 esse
1580 2746 1644 2784 cen·

350 2818 425 2865 sent:
454 2803 548 2871 neme,
578 2810 718 2883 inquiunt.
747 2811 890 2868 nobilitate
918 2813 1087 2869 excusandus
1117 2814 1236 2877 ridetur:
1265 2815 1344 2887 quin,
1375 2814 1466 2887 petius
1495 2813 1644 2868 maioribus

351 2896 406 2950 suis
440 2896 608 2968 degenerans
643 2897 762 2969 pesteris
800 2898 925 2953 omnilms
955 2915 1011 2952 suae
1042 2898 1222 2971 ignobilitatis
1250 2899 1386 2971 relinquet
1413 2898 1561 2954 exordium.
1608 2896 1644 2953 Er

350 2980 449 3053 quibus
478 2978 558 3053 plane
586 2978 674 3053 liquet
701 2981 869 3038 miserrimos
898 3000 928 3039 ac
952 2984 1111 3039 temerarios
1134 2984 1256 3039 homines
1285 2991 1313 3039 et
1335 2984 1497 3039 conditionis
1521 2983 1676 3056 propriasaa

351 3064 452 3121 oblitos
468 3072 496 3120 et
519 3065 687 3121 interneciuo
711 3066 774 3121 odie
797 3067 833 3121 ita
857 3076 993 3123 extremes
1016 3069 1149 3123 termines
1172 3069 1270 3123 mentis
1293 3086 1353 3123 esse
1376 3069 1498 3141 pesitus,
1523 3075 1553 3122 ut
1576 3067 1644 3123 libe·

351 3168 409 3205 rum
433 3149 575 3205 arbitrium
603 3167 635 3206 ac
664 3150 799 3206 violentiae
828 3161 966 3226 sceptrum
996 3153 1023 3208 iu
1054 3154 1207 3209 universum
1230 3170 1317 3226 genus
1340 3154 1484 3208 immanum
1507 3152 1645 3226 accepisse

348 3235 501 3291 certissime
529 3241 627 3309 putent
654 3253 685 3290 ac
706 3234 820 3291 lr'rmiter
841 3238 966 3299 credant,
990 3239 1027 3293 ita
1051 3247 1080 3292 ut
1102 3245 1198 3295 cuncta
1221 3256 1282 3310 quae
1305 3236 1346 3292 vel
1368 3237 1437 3292 rnale
1463 3237 1578 3292 dicende
1602 3236 1643 3292 vel

351 3319 420 3376 male
452 3320 558 3392 agendo
592 3327 766 3393 perpetrant,
802 3320 855 3376 illis
889 3340 981 3396 aequa,
1016 3323 1097 3396 digna
1131 3341 1160 3378 ac
1195 3323 1264 3377 iusta
1293 3340 1354 3377 esse
1376 3322 1517 3378 videantur
1519 3364 1642 3375 ......

349 3400 427 3466 [Post
445 3403 639 3464 dispensationem
662 3403 863 3465 delinquerem,
884 3404 998 3459 Latina»,
1020 3405 1119 3452 eruce
1144 3404 1343 3469 Hebraicerque,
1363 3405 1395 3451 de
1412 3406 1564 3454 dialecticae.
1588 3403 1678 3451 riae-³⁰
1714 3438 1716 3442 -

349 3480 440 3526 ioricoe
458 3493 489 3526 uc
505 3478 673 3539 pbilosondiu·
695 3478 906 3544 historiarumque
927 3480 1017 3527 studio·
1036 3481 1067 3527 iis
1091 3483 1133 3543 qui
1154 3479 1303 3543 theolegium
1326 3481 1521 3542 profiterentur,
1547 3484 1659 3541 ansuino·

349 3558 495 3603 necessarie
513 3557 642 3617 pergitur
659 3554 723 3601 tune
740 3552 866 3618 alodium]
900 3550 986 3605 Porro
1010 3551 1032 3604 si
1057 3550 1202 3620 theologus
1225 3568 1275 3605 nec
1298 3551 1356 3605 iure
1372 3559 1467 3605 nostre
1486 3559 1537 3604 tam
1554 3550 1645 3605 divine

301 3695 305 3710 ⁸
350 3652 430 3709 quam
454 3635 572 3689 humane
595 3634 702 3708 peritus
725 3636 791 3696 erit,
821 3652 875 3690 non
898 3635 975 3690 video
999 3653 1054 3707 que
1078 3644 1156 3708 pacte
1179 3635 1265 3689 divina
1289 3636 1357 3690 scite
1380 3653 1409 3689 ac
1432 3642 1524 3688 sancte
1546 3634 1647 3705 guber·

350 3737 415 3775 nare
438 3717 479 3773 vel
502 3719 616 3774 bumana
640 3718 758 3774 solerter
780 3729 808 3774 et
831 3718 952 3792 legitime
974 3719 1163 3775 administrare
1186 3718 1297 3774 valebit:
1330 3718 1367 3774 nil
1392 3720 1476 3791 igitur
1499 3719 1545 3791 qui
1570 3720 1646 3774 tlree·

350 3804 437 3877 logica
453 3803 544 3858 laurea
567 3822 597 3856 se
619 3803 730 3874 dignum
753 3804 916 3866 arbitratur,
940 3803 1062 3873 ignoret;
1086 3805 1132 3859 sed
1156 3804 1193 3858 ita
1216 3804 1374 3876 prudentia,
1398 3803 1560 3863 eruditione,
1586 3814 1680 3863 usurus

350 3889 516 3962 experientia
540 3887 668 3949 excellat,
693 3896 723 3942 ut
746 3889 825 3961 [ilaue
849 3890 1002 3962 quempiam
1026 3889 1176 3962 exquisitae
1199 3889 1339 3961 sapientiae
1363 3896 1390 3942 et
1413 3888 1544 3943 doctrinae
1560 3889 1645 3943 virum

351 3975 454 4029 relerre
477 3973 607 4027 videatur.
631 3973 719 4046 qualis
742 3973 806 4028 elim
831 3974 882 4028 luit
904 3974 940 4028 lo.
957 3964 1125 4028 Camerarius
1142 3973 1309 4046 Vangionum
1333 3974 1490 4046 episcopus.
1514 3972 1550 4027 le.
1567 3973 1646 4028 Picus

350 4057 565 4118 llirandulanus,
588 4056 738 4113 bohuslaus
753 4059 786 4113 dc
802 4057 990 4118 Hassenstein,
1014 4058 1051 4113 le.
1075 4057 1320 4132 lleyserspergius
1345 4057 1530 4128 Engellrardus
1545 4056 1645 4117 Furrcl.

350 4144 387 4199 le.
405 4143 487 4216 llays,
511 4142 547 4197 le.
563 4143 652 4204 Cuno,
676 4142 806 4197 memoria
829 4159 944 4215 querum
968 4143 1041 4197 inter
1055 4142 1150 4204 beatus
1166 4152 1299 4217 perpetue
1315 4150 1539 4213 cerrnumereturj
1563 4160 1594 4196 ex
1611 4144 1648 4197 ri·

349 4228 475 4284 ventibus
498 4243 562 4282 vere
586 4226 673 4300 qualis
696 4235 738 4282 est
761 4228 1001 4283 reverendissimus
1025 4228 1151 4303 princeps
1167 4227 1311 4283 cardinalis
1328 4227 1487 4287 immensis,
1511 4226 1547 4281 lo.
1565 4226 1682 4282 Fran-te

350 4414 382 4462 Iu
402 4414 455 4475 siue
478 4408 640 4476 Imprellum
661 4427 680 4475 p
703 4412 876 4461 Fridericum
898 4412 1009 4477 Peypus
1031 4410 1035 4474 Ι
1055 4411 1243 4476 Nurenbergae
1267 4409 1343 4461 sexte
1366 4412 1459 4460 Nonas
1481 4408 1484 4473 Ι
1507 4409 1646 4461 Octobris.

349 4496 428 4547 Anne
459 4493 568 4558 salietis,
586 4493 590 4558 Ι
605 4497 641 4545 Μ.
656 4497 691 4546 D.
708 4496 795 4547 XVII}
812 4493 816 4561 Ι
832 4496 867 4545 4⁰.
920 4497 996 4547 B:
1012 4496 1090 4547 Idem
1114 4496 1185 4545 liber
1207 4497 1235 4546 in
1253 4496 1288 4545 4⁰.
1314 4513 1338 4545 a.
1361 4494 1434 4545 1518.
1459 4497 1594 4561 repetitus
1621 4502 1649 4545 et

349 4587 448 4633 suetus
473 4581 517 4631 cui
541 4581 714 4632 inscribitur:
735 4597 851 4633 eversas
874 4580 1033 4645 rrlscsron,
1059 4597 1110 4631 sav
1135 4579 1370 4643 ssv1:luil'eentes.
1396 4580 1534 4630 Bilibuldo
1551 4581 1647 4630 Pirelr-

387 4667 537 4732 bey=lmero
558 4668 624 4731 ...ΙΙΙ
644 4669 805 4733 interprete.
825 4667 856 4730 ΙΙΙ
876 4666 945 4734 [finit
967 4684 1031 4733 pag.
1057 4671 1153 4731 penult.
1171 4663 1239 4730 eim]
1264 4666 1343 4716 Anne
1362 4666 1528 4715 Natiuitatis
1554 4666 1609 4715 Dei

738 4754 835 4803 .M.D
847 4754 975 4804 .xvn1.
995 4749 1088 4802 meula
1104 4749 1109 4814 Ι
1124 4750 1258 4813 Ianuarij.

399 4938 452 4989 'os
464 4938 608 5005 impurum]
623 4943 729 4991 leaenis
742 4940 918 5005 Pfefferleern.
961 4935 1229 5009 ”lacescerefffl
1259 4935 1492 5003 monspisatus.
1535 4934 1555 4969 ¹⁹
1568 4938 1649 4987 Pauli

349 5040 392 5089 ep.
406 5026 441 5075 ad
454 5027 510 5075 Tit.
524 5027 546 5077 1.
557 5026 596 5079 15.
648 5024 671 5056 ³²
689 5026 745 5075 ism
757 5026 791 5074 B.
851 5024 874 5056 ³⁷
891 5026 930 5075 Ie.
945 5021 1097 5088 Gamerae]
1116 5030 1163 5073 eea
1182 5024 1303 5087 Dulberg.
1356 5022 1377 5054 ³⁸
1397 5024 1603 5088 Leyserspgius
1612 5022 1645 5072 B.

349 5108 464 5159 Geiterue
481 5118 528 5160 est.
599 5109 620 5142 ³⁹
639 5112 880 5161 cenumsreturA.
932 5108 955 5142 ⁴⁰
973 5105 1134 5174 Gurcensis]
1154 5108 1293 5158 Matthaeus
1310 5108 1394 5173 Laup.
