4067 6209
430 765 479 836 48
514 777 626 830 XXVII.
654 791 778 829 uvrrrsi
790 791 827 826 an
840 790 1024 826 nvoovxcnvu
1036 791 1071 824 nn
1086 774 1196 826 n'vrreu
1210 789 1431 825 consonaroxua·
1451 783 1518 847 aas.
1527 782 1653 825 serctstt.

359 953 531 1022 §.recentis
554 942 669 1016 famam,
691 947 722 1006 in
744 964 800 1024 qus
824 952 958 1023 mortuus
981 952 1033 1005 est.
1068 944 1156 1005 Cuius
1178 945 1331 1023 utriusque
1357 943 1427 1004 boni
1449 951 1560 1006 tantum
1579 944 1632 1005 tibi
1647 945 1723 1006 suis·

374 1127 377 1134 Ι
427 1071 484 1131 que
507 1050 642 1111 onmibus
670 1047 802 1126 reliquit,
837 1056 979 1126 quantum
1006 1049 1068 1124 ipse
1095 1048 1203 1108 mereri
1236 1048 1345 1124 potnit.
1383 1047 1490 1107 etenim
1518 1045 1567 1108 ille
1594 1047 1722 1114 interilt;

426 1152 534 1231 gloria,
563 1154 654 1219 fama,
682 1150 788 1219 virtus,
822 1148 901 1227 quod
930 1148 1104 1209 immortalia
1126 1156 1208 1217 sunt,
1242 1167 1301 1207 non
1323 1147 1409 1209 simul
1436 1149 1625 1209 interierunt:
1658 1148 1722 1225 ipse

425 1256 467 1314 sic
490 1261 623 1314 mortuus
644 1269 752 1310 novum
773 1251 947 1311 innocentiae
969 1248 1136 1327 exemplum
1159 1268 1223 1310 esse
1245 1249 1457 1340 meruitadeo
1479 1257 1510 1311 ut
1524 1251 1582 1309 sint
1596 1250 1646 1328 qui
1661 1267 1722 1309 non

357 1372 376 1421 a.
386 1371 415 1413 n.
427 1355 552 1416 obscure
574 1359 696 1414 voveant
717 1351 803 1413 talem
826 1360 952 1412 mortem
975 1369 1029 1429 pro
1052 1351 1235 1412 diuturniore
1257 1352 1321 1411 vita,
1358 1350 1431 1411 Cum
1445 1353 1586 1411 incertam
1603 1349 1654 1411 tibi
1669 1366 1756 1412 nna

425 1465 523 1518 torum
538 1457 625 1516 vitam
647 1454 838 1533 proposueris
860 1471 986 1530 semper,
1010 1461 1121 1514 certam
1143 1471 1178 1514 ac
1199 1454 1347 1530 ingentem
1370 1440 1460 1512 tulisti
1482 1452 1614 1514 laudem.
1649 1453 1720 1532 quid

375 1624 378 1628 ,
424 1558 514 1620 velles
535 1555 678 1634 amplius?
701 1563 751 1617 aut
772 1573 864 1634 quare
886 1555 941 1615 bac
964 1553 1100 1615 felicitate
1122 1562 1277 1615 contentus
1292 1572 1351 1614 non
1367 1573 1408 1625 es,
1432 1573 1499 1615 cum
1514 1555 1614 1633 peiora
1631 1555 1720 1624 ferre,

424 1662 448 1720 si
471 1661 642 1727 evenissent,
666 1658 848 1736 oportuerit?
871 1663 900 1716 et
921 1656 973 1716 tibi
995 1657 1018 1716 si
1042 1645 1122 1734 optio
1144 1656 1210 1716 data
1233 1657 1343 1725 fuisset,
1367 1657 1467 1717 nescio
1489 1655 1558 1734 quid
1569 1657 1721 1734 potuisses

426 1761 530 1828 melius
553 1759 677 1838 eligere:
700 1768 759 1821 tam
782 1757 906 1819 difficilis
928 1765 972 1818 εει
993 1765 1112 1827 natura,
1135 1765 1194 1818 tam
1217 1757 1363 1818 variabilis
1384 1759 1511 1826 fortuna,
1534 1766 1566 1819 ut
1588 1760 1635 1819 cui
1657 1777 1720 1819 me·

427 1862 565 1923 diocriter
586 1861 663 1922 bona
686 1862 830 1930 eveniunt,
853 1860 907 1941 nisi
930 1877 984 1937 pro
1006 1860 1124 1936 optimis
1145 1860 1291 1936 accipiens
1312 1860 1367 1919 diis
1381 1859 1529 1945 bonorum
1547 1859 1722 1921 authoribus
1730 1877 1756 1918 xo

356 1965 532 2043 §.regratias
553 1971 635 2042 agat,
658 1964 790 2041 ingratus
813 1962 926 2023 censeri
948 1960 1062 2021 debeat
1100 1961 1164 2021 Non
1187 1961 1321 2021 existimo
1344 1970 1426 2022 tuum
1441 1961 1542 2032 lilium,
1565 1963 1590 2021 si
1609 1961 1721 2042 aliquot

423 2084 515 2126 annos
544 2065 765 2143 supervixisset,
799 2064 975 2125 deteriorem
1002 2064 1150 2132 futurum;
1184 2063 1235 2124 sed
1271 2065 1421 2123 consuevit
1444 2047 1594 2141 uetustate
1626 2064 1720 2143 gratia

422 2168 575 2228 attenuari.
598 2167 705 2227 iterum
727 2167 815 2245 igitur
837 2166 912 2234 dico,
936 2173 965 2226 et
987 2163 1119 2234 feliciter,
1143 2173 1172 2224 ει
1194 2173 1293 2243 optato
1316 2174 1449 2244 tempore
1470 2166 1621 2235 occidisse,
1647 2173 1719 2226 tunc

422 2288 489 2330 cum
512 2268 688 2346 amplissima
712 2268 842 2329 omnium
866 2267 1029 2344 expectatio
1056 2267 1086 2326 in
1108 2265 1189 2329 illum
1212 2268 1343 2327 coniecta
1375 2276 1466 2337 esset,
1496 2287 1562 2328 cum
1591 2268 1719 2328 maxime

422 2369 532 2438 bonus,
562 2371 688 2431 maxime
710 2369 747 2430 ab
770 2368 1094 2443 omnibnsamaretnr.
1129 2370 1211 2429 cuius
1234 2369 1346 2429 virtutis
1368 2370 1450 2449 siqua
1478 2370 1595 2429 satie'tas
1623 2369 1753 2429 conti-rs

354 2473 520 2550 §.egisset
543 2490 602 2531 non
624 2478 737 2532 tantum
759 2471 804 2530 sui
826 2469 1011 2549 desyderium
1027 2469 1209 2548 reliquisset.
1233 2470 1387 2548 Nuncquid
1403 2471 1460 2532 boc
1474 2470 1569 2532 sobrm
1585 2469 1717 2548 optabas,

421 2573 561 2651 minsequl
582 2580 665 2633 tuum
688 2570 789 2640 ibium,
811 2574 835 2631 si
851 2579 967 2632 centum
983 2589 1076 2631 arrrros
1091 2573 1219 2632 victurus
1235 2573 1328 2633 esset?
1352 2572 1480 2652 Optabas
1495 2579 1590 2641 certe;
1613 2589 1717 2632 verum

421 2671 469 2734 ille
491 2672 608 2734 brevius
635 2673 774 2748 matinata
794 2673 932 2733 confecit:
960 2683 1020 2733 ndu
1043 2680 1087 2734 est
1108 2692 1162 2735 cur
1184 2681 1309 2735 mortem
1332 2692 1470 2743 accuses;
1494 2693 1559 2754 quae
1574 2673 1716 2751 cupiebas

420 2776 484 2835 vilse
499 2774 597 2835 munia
619 2774 763 2853 implevit;
790 2775 911 2835 minoris
933 2793 1021 2853 quam
1044 2783 1075 2835 tu
1098 2775 1215 2836 volebas
1237 2776 1265 2836 id
1289 2775 1368 2854 quod
1388 2774 1506 2837 volebas
1525 2777 1715 2853 comparavit
1743 2771 1751 2786 ’

420 2875 480 2936 noli
498 2878 589 2937 'orare
610 2875 727 2955 longam
750 2878 836 2936 vitam
860 2877 886 2936 ei
905 2877 954 2937 cui
976 2876 1074 2937 brevis
1094 2885 1154 2938 tam
1177 2877 1300 2939 feliciter
1322 2878 1461 2956 contigit.
1495 2895 1532 2937 an
1558 2885 1602 2936 tot
1631 2878 1750 2954 priusao

420 2996 580 3048 aerunmas,
602 2986 646 3038 tot
668 2976 859 3046 calamitates,
887 2985 930 3037 tot
952 2979 1040 3038 animi
1062 2996 1096 3039 ac
1118 2980 1252 3057 corporis
1272 2978 1433 3049 molestias,
1462 2977 1640 3040 morbosae
1662 2978 1715 3040 do·

420 3079 499 3141 fores
520 3087 549 3141 et
570 3080 599 3140 id
621 3098 715 3158 genus
734 3078 809 3139 mala
832 3080 855 3139 si
876 3079 1058 3167 exbausisset
1072 3081 1164 3157 prius,
1187 3080 1348 3141 beatiorem
1363 3088 1493 3159 putares,
1516 3099 1550 3141 ac
1564 3081 1602 3140 de
1618 3088 1715 3143 morto

419 3182 516 3243 minus
539 3182 722 3260 quererere?
749 3181 859 3241 Tecum
883 3182 945 3260 ipse
967 3181 1031 3242 hae
1053 3190 1156 3261 reputa
1179 3200 1214 3242 ac
1235 3201 1299 3243 rem
1322 3182 1482 3262 consydera
1505 3190 1535 3242 et
1556 3167 1632 3243 aude
1654 3199 1714 3243 non

419 3302 633 3362 supervacuum
655 3284 743 3343 istum
766 3290 848 3343 tunm
871 3281 982 3344 luctum
1010 3282 1124 3344 dicere:
1151 3301 1317 3363 quanquam
1333 3290 1386 3353 est,
1410 3301 1463 3357 eur
1478 3283 1586 3362 lugeas,
1599 3301 1714 3354 vcansa3

351 3403 473 3458 §.iocur
497 3386 525 3444 in
547 3384 628 3447 luctu
650 3384 798 3455 desideas,
831 3402 889 3444 non
918 3392 971 3444 est.
1015 3384 1207 3445 Exacerbavit
1233 3385 1290 3445 boc
1317 3386 1440 3446 fortasse
1462 3392 1544 3446 tuum
1567 3384 1749 3456 doloremne

405 3487 498 3573 quod
520 3493 649 3548 atrocem
672 3487 702 3547 in
724 3486 844 3547 modum
867 3494 895 3546 ει
917 3484 1016 3546 multis
1038 3485 1207 3547 vulneribus
1229 3496 1274 3547 est
1294 3487 1471 3548 trucidatus:
1495 3486 1595 3547 desine
1615 3506 1714 3549 mace·

418 3588 503 3648 randi
515 3597 547 3650 te
561 3607 664 3650 causas
679 3589 741 3667 ipse
756 3604 905 3666 quaerere:
928 3595 1093 3666 properam
1116 3588 1172 3648 boc
1194 3590 1297 3649 mortis
1319 3597 1371 3658 est,
1394 3607 1453 3649 non
1475 3590 1551 3649 aucti
1566 3589 1713 3668 supplicii

418 3690 542 3750 infracte
556 3691 661 3752 ferenti
676 3690 773 3750 onmia
789 3691 922 3769 graviora
937 3697 1017 3759 sunt:
1042 3690 1125 3749 fortis
1140 3698 1169 3751 et
1183 3708 1248 3769 quae
1271 3708 1376 3769 magna
1388 3698 1418 3752 et
1432 3708 1497 3769 quae
1512 3709 1600 3769 parva
1615 3692 1645 3752 in
1667 3692 1715 3753 bis

349 3815 407 3865 §.tt
418 3791 509 3853 rebus
524 3793 669 3861 eveniunt,
685 3793 763 3853 iuxta
778 3792 910 3852 aestimat.
951 3792 987 3852 lit
1001 3792 1100 3852 nescio
1116 3810 1169 3852 cur
1184 3809 1242 3852 non
1258 3791 1380 3853 feliciter
1394 3792 1487 3871 magis
1502 3804 1589 3870 quam
1605 3794 1714 3854 misere

418 3893 461 3953 sic
476 3893 617 3954 cecidisse
637 3893 747 3954 dicam:
770 3900 919 3970 utcunque
939 3893 1016 3954 enim
1032 3893 1089 3953 boc
1105 3895 1208 3953 mortis
1222 3911 1315 3972 genus
1329 3896 1469 3964 aestimas,
1490 3896 1557 3973 quia
1579 3898 1748 3973 repenti-se

416 4011 488 4054 num
504 4001 561 4063 est,
584 4001 738 4072 tantopere
760 3995 900 4056 miserum
923 4012 988 4055 esse
1010 4013 1069 4054 non
1084 4002 1195 4073 potest:
1218 4013 1314 4073 neque
1330 4005 1432 4073 captus
1446 3996 1528 4074 prius
1543 4003 1596 4067 est,
1614 4015 1713 4077 neque

416 4101 519 4164 tortus,
542 4112 639 4173 neque
661 4096 811 4156 coniectus
833 4096 862 4155 in
884 4094 1013 4165 vincula3
1037 4115 1105 4157 cum
1127 4096 1246 4157 minime
1266 4098 1474 4175 suspicaretur,
1497 4098 1627 4159 irruitin
1641 4117 1711 4160 eum

415 4197 531 4276 tyranni
552 4197 645 4257 furor.
689 4195 745 4266 Qui
767 4195 906 4274 providet
927 4196 1046 4268 malum,
1070 4199 1094 4258 is
1116 4199 1233 4267 metuit;
1257 4200 1307 4278 qui
1329 4217 1384 4261 nec
1405 4198 1546 4279 praevidet
1571 4218 1627 4260 nec
1648 4219 1711 4263 me-

346 4299 486 4378 mtuit,
516 4297 636 4358 dimidio
659 4297 727 4358 mali
749 4304 925 4358 exoneratus
947 4306 999 4360 est.
1037 4298 1142 4360 lulium
1164 4301 1309 4362 Caesarem
1332 4303 1412 4362 aiunt
1428 4301 1570 4362 eiusmodi
1582 4311 1711 4364 mortem

355 4467 358 4471 ,
414 4408 531 4478 optasse
552 4416 671 4477 semper
692 4408 722 4460 et
742 4400 905 4461 venientem
927 4401 1072 4479 intrepide
1094 4401 1299 4480 amplexatum.
1337 4403 1456 4464 fortem
1478 4402 1597 4481 quidem
1611 4405 1745 4468 virumsa

414 4501 544 4580 pericula
567 4509 596 4562 ει
618 4500 795 4562 calamitates
816 4501 959 4579 probant,
982 4496 1183 4573 foeminisista
1205 4503 1396 4583 relinquenda
1418 4513 1487 4566 sunt
1507 4504 1621 4583 lugere,
1647 4507 1710 4568 eiu·

413 4602 490 4673 lare,
523 4620 652 4665 moerore
674 4622 708 4665 ac
730 4603 825 4664 inedia
847 4604 1017 4666 conflictari.
1063 4604 1143 4665 blois
1165 4605 1243 4666 nulla
1265 4605 1367 4667 durior
1396 4616 1454 4674 est,
1488 4626 1554 4686 quae
1582 4608 1710 4670 miseriis

345 4722 468 4779 §.sanos
490 4708 578 4767 exuit.
623 4705 666 4768 'fe
688 4724 784 4785 neque
805 4706 900 4785 frangi
921 4708 964 4768 sic
986 4707 1120 4768 moestitia
1144 4708 1239 4778 decet,
1268 4726 1364 4787 neque
1392 4710 1524 4769 enervari
1551 4695 1710 4789 desyderio

479 4926 673 4992 ²ipsernpere
692 4925 781 4991 p.,3'¹.
851 4925 996 4992 ⁴exempl.
1010 4929 1101 4979 innoc.
1112 4931 1168 4987 23.
1233 4928 1358 4992 sscepisti
1376 4927 1513 4978 larxd.3¹¹.
1567 4929 1589 4963 ¹⁰
1600 4930 1706 4982 deo...

413 5008 584 5080 autbori3'1.
648 5011 666 5043 ¹⁸
686 5013 757 5061 coni.
771 5010 893 5062 erot3⁸.
955 5010 975 5044 ²¹
995 5029 1123 5064 erumnas
1135 5015 1169 5065 A.
1222 5011 1244 5044 ²³
1263 5027 1386 5078 quaercre
1399 5016 1424 5063 2.
1434 5016 1459 5064 3.
1475 5016 1534 5075 (non
1546 5023 1708 5066 norunteet

413 5110 485 5144 {eae
502 5112 532 5144 re
546 5112 597 5158 pro
610 5096 662 5158 ris)
715 5095 1011 5148 *resteonfectusatt
1064 5098 1194 5149 ”nescio
1207 5113 1242 5149 en
1256 5098 1275 5148 f.
1289 5099 1357 5152 Aa.

947 5261 952 5268 ι
991 5223 1002 5248 0
