<?xml version="1.0" encoding="UTF-8"?>
<!DOCTYPE html PUBLIC "-//W3C//DTD XHTML 1.0 Transitional//EN"
    "http://www.w3.org/TR/xhtml1/DTD/xhtml1-transitional.dtd">
<html xmlns="http://www.w3.org/1999/xhtml" xml:lang="en" lang="en">
 <head>
  <title>
</title>
<meta http-equiv="Content-Type" content="text/html;charset=utf-8" />
  <meta name='ocr-system' content='tesseract 3.04.00' />
  <meta name='ocr-capabilities' content='ocr_page ocr_carea ocr_par ocr_line ocrx_word'/>
</head>
<body>
  <div class='ocr_page' id='page_1' title='image "./ulrichihuttenie03huttgoog_0452.png"; bbox 0 0 4067 6209; ppageno 0'>
   <div class='ocr_carea' id='block_1_1' title="bbox 457 777 1648 850">
    <p class='ocr_par' dir='ltr' id='par_1_1' title="bbox 457 777 1648 850">
     <span class='ocr_line' id='line_1_1' title="bbox 457 777 1648 850; baseline 0.002 -7"><span class='ocrx_word' id='word_1_1' title='bbox 457 777 532 850; x_wconf 82' lang='lat'><strong>318</strong></span> <span class='ocrx_word' id='word_1_2' title='bbox 614 791 763 844; x_wconf 84' lang='lat' dir='ltr'>CXLVIII.</span> <span class='ocrx_word' id='word_1_3' title='bbox 783 807 988 843; x_wconf 78' lang='lat' dir='ltr'><strong>eracaasrunar</strong></span> <span class='ocrx_word' id='word_1_4' title='bbox 1002 807 1040 842; x_wconf 77' lang='lat' dir='ltr'><strong>eo</strong></span> <span class='ocrx_word' id='word_1_5' title='bbox 1052 806 1168 843; x_wconf 78' lang='lat' dir='ltr'><strong>naseos.</strong></span> <span class='ocrx_word' id='word_1_6' title='bbox 1182 806 1313 843; x_wconf 77' lang='lat' dir='ltr'><strong>euseevu</strong></span> <span class='ocrx_word' id='word_1_7' title='bbox 1326 808 1369 843; x_wconf 76' lang='lat' dir='ltr'><strong>ee.</strong></span> <span class='ocrx_word' id='word_1_8' title='bbox 1383 802 1526 845; x_wconf 78' lang='lat' dir='ltr'><strong>o.a.1tta.</strong></span> <span class='ocrx_word' id='word_1_9' title='bbox 1541 807 1568 846; x_wconf 81' lang='lat' dir='ltr'><strong>s.</strong></span> <span class='ocrx_word' id='word_1_10' title='bbox 1585 802 1648 845; x_wconf 71' lang='lat' dir='ltr'><strong>taso.</strong></span> 
     </span>
    </p>
   </div>
   <div class='ocr_carea' id='block_1_2' title="bbox 455 964 1791 4937">
    <p class='ocr_par' dir='ltr' id='par_1_2' title="bbox 455 964 1791 4937">
     <span class='ocr_line' id='line_1_2' title="bbox 456 964 1766 1041; baseline 0 -18"><span class='ocrx_word' id='word_1_11' title='bbox 456 976 484 1024; x_wconf 92' lang='lat' dir='ltr'><strong>et</strong></span> <span class='ocrx_word' id='word_1_12' title='bbox 507 966 636 1041; x_wconf 75' lang='lat' dir='ltr'><strong>inclytum</strong></span> <span class='ocrx_word' id='word_1_13' title='bbox 657 966 784 1022; x_wconf 90' lang='lat' dir='ltr'><strong>comitem</strong></span> <span class='ocrx_word' id='word_1_14' title='bbox 804 964 838 1021; x_wconf 96' lang='lat' dir='ltr'><strong>de</strong></span> <span class='ocrx_word' id='word_1_15' title='bbox 859 965 996 1028; x_wconf 81' lang='lat' dir='ltr'><strong>Neuenar,</strong></span> <span class='ocrx_word' id='word_1_16' title='bbox 1026 964 1146 1021; x_wconf 90' lang='lat' dir='ltr'><strong>nobilem</strong></span> <span class='ocrx_word' id='word_1_17' title='bbox 1167 983 1198 1021; x_wconf 90' lang='lat' dir='ltr'><strong>ac</strong></span> <span class='ocrx_word' id='word_1_18' title='bbox 1218 965 1406 1023; x_wconf 87' lang='lat' dir='ltr'><strong>doctissimum</strong></span> <span class='ocrx_word' id='word_1_19' title='bbox 1427 967 1599 1031; x_wconf 82' lang='lat' dir='ltr'><strong>liuttenum‚</strong></span> <span class='ocrx_word' id='word_1_20' title='bbox 1626 986 1672 1025; x_wconf 90' lang='lat' dir='ltr'><strong>me</strong></span> <span class='ocrx_word' id='word_1_21' title='bbox 1698 984 1766 1041; x_wconf 92' lang='lat' dir='ltr'><strong>quo·</strong></span> 
     </span>
     <span class='ocr_line' id='line_1_3' title="bbox 457 1050 1763 1125; baseline -0.002 -17"><span class='ocrx_word' id='word_1_22' title='bbox 457 1070 509 1125; x_wconf 91' lang='lat' dir='ltr'><strong>qne</strong></span> <span class='ocrx_word' id='word_1_23' title='bbox 532 1070 562 1106; x_wconf 87' lang='lat' dir='ltr'><strong>ac</strong></span> <span class='ocrx_word' id='word_1_24' title='bbox 585 1068 678 1107; x_wconf 83' lang='lat' dir='ltr'><strong>ornnes</strong></span> <span class='ocrx_word' id='word_1_25' title='bbox 700 1051 817 1123; x_wconf 87' lang='lat' dir='ltr'><strong>denique</strong></span> <span class='ocrx_word' id='word_1_26' title='bbox 840 1050 927 1105; x_wconf 73' lang='lat' dir='ltr'><strong>lionos</strong></span> <span class='ocrx_word' id='word_1_27' title='bbox 946 1059 974 1105; x_wconf 89' lang='lat' dir='ltr'><strong>et</strong></span> <span class='ocrx_word' id='word_1_28' title='bbox 997 1050 1120 1105; x_wconf 88' lang='lat' dir='ltr'><strong>eruditos</strong></span> <span class='ocrx_word' id='word_1_29' title='bbox 1142 1051 1325 1124; x_wconf 88' lang='lat' dir='ltr'><strong>spurcissimis</strong></span> <span class='ocrx_word' id='word_1_30' title='bbox 1348 1052 1504 1108; x_wconf 83' lang='lat' dir='ltr'><strong>debacchati</strong></span> <span class='ocrx_word' id='word_1_31' title='bbox 1528 1062 1599 1109; x_wconf 91' lang='lat' dir='ltr'><strong>sunt</strong></span> <span class='ocrx_word' id='word_1_32' title='bbox 1622 1053 1763 1113; x_wconf 79' lang='lat' dir='ltr'><strong>conavitiis.</strong></span> 
     </span>
     <span class='ocr_line' id='line_1_4' title="bbox 456 1135 1762 1211; baseline 0 -20"><span class='ocrx_word' id='word_1_33' title='bbox 456 1137 558 1209; x_wconf 76' lang='lat' dir='ltr'><strong>alisque</strong></span> <span class='ocrx_word' id='word_1_34' title='bbox 581 1135 712 1207; x_wconf 75' lang='lat' dir='ltr'><strong>singulari</strong></span> <span class='ocrx_word' id='word_1_35' title='bbox 734 1135 839 1190; x_wconf 92' lang='lat' dir='ltr'><strong>dicendi</strong></span> <span class='ocrx_word' id='word_1_36' title='bbox 862 1135 968 1190; x_wconf 87' lang='lat' dir='ltr'><strong>ratione</strong></span> <span class='ocrx_word' id='word_1_37' title='bbox 986 1135 1053 1190; x_wconf 91' lang='lat' dir='ltr'><strong>adeo</strong></span> <span class='ocrx_word' id='word_1_38' title='bbox 1075 1135 1221 1197; x_wconf 75' lang='lat' dir='ltr'><strong>delirasse,</strong></span> <span class='ocrx_word' id='word_1_39' title='bbox 1244 1136 1372 1208; x_wconf 87' lang='lat' dir='ltr'><strong>quoniam</strong></span> <span class='ocrx_word' id='word_1_40' title='bbox 1394 1154 1501 1193; x_wconf 89' lang='lat' dir='ltr'><strong>sacrum</strong></span> <span class='ocrx_word' id='word_1_41' title='bbox 1524 1137 1595 1193; x_wconf 89' lang='lat' dir='ltr'><strong>illud</strong></span> <span class='ocrx_word' id='word_1_42' title='bbox 1611 1137 1762 1211; x_wconf 83' lang='lat' dir='ltr'><strong>Capnionis</strong></span> 
     </span>
     <span class='ocr_line' id='line_1_5' title="bbox 457 1218 1788 1296; baseline 0.002 -20"><span class='ocrx_word' id='word_1_43' title='bbox 457 1231 485 1277; x_wconf 88' lang='lat' dir='ltr'><strong>et</strong></span> <span class='ocrx_word' id='word_1_44' title='bbox 509 1237 647 1293; x_wconf 80' lang='lat' dir='ltr'><strong>nurrquam</strong></span> <span class='ocrx_word' id='word_1_45' title='bbox 674 1220 741 1275; x_wconf 90' lang='lat' dir='ltr'><strong>satis</strong></span> <span class='ocrx_word' id='word_1_46' title='bbox 770 1218 906 1274; x_wconf 89' lang='lat' dir='ltr'><strong>laudatum</strong></span> <span class='ocrx_word' id='word_1_47' title='bbox 932 1228 1014 1293; x_wconf 87' lang='lat' dir='ltr'><strong>capnt</strong></span> <span class='ocrx_word' id='word_1_48' title='bbox 1044 1220 1146 1275; x_wconf 86' lang='lat' dir='ltr'><strong>nostris</strong></span> <span class='ocrx_word' id='word_1_49' title='bbox 1172 1218 1348 1276; x_wconf 77' lang='lat' dir='ltr'><strong>extulerimus</strong></span> <span class='ocrx_word' id='word_1_50' title='bbox 1369 1222 1527 1294; x_wconf 76' lang='lat' dir='ltr'><strong>praeconiis:</strong></span> <span class='ocrx_word' id='word_1_51' title='bbox 1560 1222 1788 1296; x_wconf 81' lang='lat' dir='ltr'><strong>graecissarunt.</strong></span> 
     </span>
     <span class='ocr_line' id='line_1_6' title="bbox 456 1304 1779 1377; baseline -0.001 -15"><span class='ocrx_word' id='word_1_52' title='bbox 456 1306 528 1362; x_wconf 87' lang='lat' dir='ltr'><strong>enim</strong></span> <span class='ocrx_word' id='word_1_53' title='bbox 547 1304 671 1360; x_wconf 77' lang='lat' dir='ltr'>homiues</span> <span class='ocrx_word' id='word_1_54' title='bbox 692 1322 799 1365; x_wconf 82' lang='lat' dir='ltr'><strong>suaves.</strong></span> <span class='ocrx_word' id='word_1_55' title='bbox 830 1311 927 1377; x_wconf 79' lang='lat' dir='ltr'>utpote</span> <span class='ocrx_word' id='word_1_56' title='bbox 953 1305 998 1376; x_wconf 92' lang='lat' dir='ltr'><strong>qui</strong></span> <span class='ocrx_word' id='word_1_57' title='bbox 1025 1304 1132 1359; x_wconf 80' lang='lat' dir='ltr'><strong>assidue</strong></span> <span class='ocrx_word' id='word_1_58' title='bbox 1159 1314 1372 1377; x_wconf 79' lang='lat' dir='ltr'><strong>pergraeeantur.</strong></span> <span class='ocrx_word' id='word_1_59' title='bbox 1417 1306 1552 1363; x_wconf 74' lang='lat' dir='ltr'><strong>Caeterum</strong></span> <span class='ocrx_word' id='word_1_60' title='bbox 1583 1307 1610 1362; x_wconf 93' lang='lat' dir='ltr'><strong>id</strong></span> <span class='ocrx_word' id='word_1_61' title='bbox 1641 1306 1779 1361; x_wconf 70' lang='lat' dir='ltr'><strong>forsitans</strong></span> 
     </span>
     <span class='ocr_line' id='line_1_7' title="bbox 457 1388 1760 1465; baseline -0.001 -18"><span class='ocrx_word' id='word_1_62' title='bbox 457 1390 555 1447; x_wconf 87' lang='lat' dir='ltr'><strong>mirum</strong></span> <span class='ocrx_word' id='word_1_63' title='bbox 577 1388 661 1443; x_wconf 80' lang='lat' dir='ltr'><strong>sideri</strong></span> <span class='ocrx_word' id='word_1_64' title='bbox 682 1396 788 1462; x_wconf 85' lang='lat' dir='ltr'><strong>potest,</strong></span> <span class='ocrx_word' id='word_1_65' title='bbox 813 1406 867 1461; x_wconf 93' lang='lat' dir='ltr'><strong>quo</strong></span> <span class='ocrx_word' id='word_1_66' title='bbox 888 1397 968 1462; x_wconf 89' lang='lat' dir='ltr'><strong>pacto</strong></span> <span class='ocrx_word' id='word_1_67' title='bbox 987 1389 1018 1443; x_wconf 91' lang='lat' dir='ltr'><strong>ad</strong></span> <span class='ocrx_word' id='word_1_68' title='bbox 1040 1397 1093 1444; x_wconf 87' lang='lat' dir='ltr'><strong>tam</strong></span> <span class='ocrx_word' id='word_1_69' title='bbox 1108 1389 1251 1462; x_wconf 80' lang='lat' dir='ltr'><strong>profundae</strong></span> <span class='ocrx_word' id='word_1_70' title='bbox 1269 1390 1390 1446; x_wconf 77' lang='lat' dir='ltr'><strong>scientie</strong></span> <span class='ocrx_word' id='word_1_71' title='bbox 1405 1391 1596 1463; x_wconf 79' lang='lat' dir='ltr'><strong>cognitionem</strong></span> <span class='ocrx_word' id='word_1_72' title='bbox 1611 1391 1760 1465; x_wconf 85' lang='lat' dir='ltr'><strong>pervenire</strong></span> 
     </span>
     <span class='ocr_line' id='line_1_8' title="bbox 457 1472 1760 1548; baseline 0 -18"><span class='ocrx_word' id='word_1_73' title='bbox 457 1474 608 1548; x_wconf 81' lang='lat' dir='ltr'><strong>quiverint,</strong></span> <span class='ocrx_word' id='word_1_74' title='bbox 638 1491 699 1529; x_wconf 89' lang='lat' dir='ltr'><strong>eum</strong></span> <span class='ocrx_word' id='word_1_75' title='bbox 729 1490 783 1529; x_wconf 93' lang='lat' dir='ltr'><strong>non</strong></span> <span class='ocrx_word' id='word_1_76' title='bbox 811 1473 899 1529; x_wconf 92' lang='lat' dir='ltr'><strong>solum</strong></span> <span class='ocrx_word' id='word_1_77' title='bbox 921 1472 1075 1528; x_wconf 81' lang='lat' dir='ltr'><strong>Graecarum</strong></span> <span class='ocrx_word' id='word_1_78' title='bbox 1097 1472 1237 1528; x_wconf 86' lang='lat' dir='ltr'><strong>literarum</strong></span> <span class='ocrx_word' id='word_1_79' title='bbox 1258 1474 1313 1530; x_wconf 94' lang='lat' dir='ltr'><strong>sint</strong></span> <span class='ocrx_word' id='word_1_80' title='bbox 1335 1484 1480 1548; x_wconf 82' lang='lat' dir='ltr'><strong>eupertes.¹</strong></span> <span class='ocrx_word' id='word_1_81' title='bbox 1502 1477 1551 1532; x_wconf 91' lang='lat' dir='ltr'><strong>sed</strong></span> <span class='ocrx_word' id='word_1_82' title='bbox 1572 1476 1607 1532; x_wconf 86' lang='lat' dir='ltr'><strong>ab</strong></span> <span class='ocrx_word' id='word_1_83' title='bbox 1630 1475 1760 1531; x_wconf 85' lang='lat' dir='ltr'><strong>omnibus</strong></span> 
     </span>
     <span class='ocr_line' id='line_1_9' title="bbox 457 1557 1759 1632; baseline 0 -18"><span class='ocrx_word' id='word_1_84' title='bbox 457 1558 536 1615; x_wconf 81' lang='lat' dir='ltr'><strong>bortis</strong></span> <span class='ocrx_word' id='word_1_85' title='bbox 564 1557 715 1631; x_wconf 83' lang='lat' dir='ltr'><strong>disciplinis</strong></span> <span class='ocrx_word' id='word_1_86' title='bbox 742 1558 851 1632; x_wconf 91' lang='lat' dir='ltr'><strong>penitus</strong></span> <span class='ocrx_word' id='word_1_87' title='bbox 877 1557 971 1613; x_wconf 90' lang='lat' dir='ltr'><strong>alieni:</strong></span> <span class='ocrx_word' id='word_1_88' title='bbox 1010 1575 1122 1613; x_wconf 90' lang='lat' dir='ltr'><strong>necesse</strong></span> <span class='ocrx_word' id='word_1_89' title='bbox 1146 1558 1251 1631; x_wconf 88' lang='lat' dir='ltr'><strong>itaque,</strong></span> <span class='ocrx_word' id='word_1_90' title='bbox 1281 1567 1311 1613; x_wconf 91' lang='lat' dir='ltr'><strong>ut</strong></span> <span class='ocrx_word' id='word_1_91' title='bbox 1332 1568 1436 1614; x_wconf 90' lang='lat' dir='ltr'><strong>tantum</strong></span> <span class='ocrx_word' id='word_1_92' title='bbox 1457 1560 1597 1618; x_wconf 86' lang='lat' dir='ltr'><strong>bonorum</strong></span> <span class='ocrx_word' id='word_1_93' title='bbox 1616 1559 1759 1617; x_wconf 88' lang='lat' dir='ltr'><strong>cumulum</strong></span> 
     </span>
     <span class='ocr_line' id='line_1_10' title="bbox 457 1641 1760 1719; baseline 0 -20"><span class='ocrx_word' id='word_1_94' title='bbox 457 1661 472 1699; x_wconf 89' lang='lat' dir='ltr'><strong>a</strong></span> <span class='ocrx_word' id='word_1_95' title='bbox 501 1642 629 1717; x_wconf 91' lang='lat' dir='ltr'><strong>quopiam</strong></span> <span class='ocrx_word' id='word_1_96' title='bbox 658 1641 812 1698; x_wconf 69' lang='lat' dir='ltr'><strong>Graecarum</strong></span> <span class='ocrx_word' id='word_1_97' title='bbox 837 1659 924 1715; x_wconf 79' lang='lat' dir='ltr'><strong>gnaro</strong></span> <span class='ocrx_word' id='word_1_98' title='bbox 953 1641 1018 1697; x_wconf 93' lang='lat' dir='ltr'><strong>olim</strong></span> <span class='ocrx_word' id='word_1_99' title='bbox 1049 1642 1202 1715; x_wconf 89' lang='lat' dir='ltr'><strong>acceperint</strong></span> <span class='ocrx_word' id='word_1_100' title='bbox 1229 1650 1257 1698; x_wconf 93' lang='lat' dir='ltr'><strong>et</strong></span> <span class='ocrx_word' id='word_1_101' title='bbox 1281 1651 1409 1717; x_wconf 88' lang='lat' dir='ltr'><strong>tanquam</strong></span> <span class='ocrx_word' id='word_1_102' title='bbox 1435 1653 1510 1700; x_wconf 82' lang='lat' dir='ltr'><strong>veste</strong></span> <span class='ocrx_word' id='word_1_103' title='bbox 1541 1645 1637 1719; x_wconf 82' lang='lat' dir='ltr'><strong>ignem</strong></span> <span class='ocrx_word' id='word_1_104' title='bbox 1667 1652 1760 1700; x_wconf 91' lang='lat' dir='ltr'><strong>eusto-</strong></span> 
     </span>
     <span class='ocr_line' id='line_1_11' title="bbox 456 1726 1790 1804; baseline -0.001 -20"><span class='ocrx_word' id='word_1_105' title='bbox 456 1728 557 1784; x_wconf 91' lang='lat' dir='ltr'><strong>dierint</strong></span> <span class='ocrx_word' id='word_1_106' title='bbox 578 1726 726 1790; x_wconf 75' lang='lat' dir='ltr'><strong>illibatum:</strong></span> <span class='ocrx_word' id='word_1_107' title='bbox 756 1726 859 1800; x_wconf 82' lang='lat' dir='ltr'><strong>alioqui</strong></span> <span class='ocrx_word' id='word_1_108' title='bbox 888 1743 1026 1800; x_wconf 85' lang='lat' dir='ltr'><strong>nunquam</strong></span> <span class='ocrx_word' id='word_1_109' title='bbox 1051 1735 1105 1781; x_wconf 89' lang='lat' dir='ltr'><strong>tam</strong></span> <span class='ocrx_word' id='word_1_110' title='bbox 1131 1736 1223 1783; x_wconf 79' lang='lat' dir='ltr'><strong>exacte</strong></span> <span class='ocrx_word' id='word_1_111' title='bbox 1245 1727 1399 1783; x_wconf 90' lang='lat' dir='ltr'><strong>admiranda</strong></span> <span class='ocrx_word' id='word_1_112' title='bbox 1425 1727 1471 1783; x_wconf 91' lang='lat' dir='ltr'><strong>illa</strong></span> <span class='ocrx_word' id='word_1_113' title='bbox 1498 1738 1641 1804; x_wconf 75' lang='lat' dir='ltr'><strong>praecepta</strong></span> <span class='ocrx_word' id='word_1_114' title='bbox 1666 1729 1790 1785; x_wconf 77' lang='lat' dir='ltr'><strong>consi-tt</strong></span> 
     </span>
     <span class='ocr_line' id='line_1_12' title="bbox 457 1810 1759 1885; baseline -0.001 -17"><span class='ocrx_word' id='word_1_115' title='bbox 457 1812 549 1869; x_wconf 92' lang='lat' dir='ltr'><strong>tiando</strong></span> <span class='ocrx_word' id='word_1_116' title='bbox 573 1811 716 1867; x_wconf 82' lang='lat' dir='ltr'><strong>observare</strong></span> <span class='ocrx_word' id='word_1_117' title='bbox 739 1811 902 1885; x_wconf 88' lang='lat' dir='ltr'><strong>potuissent.</strong></span> <span class='ocrx_word' id='word_1_118' title='bbox 934 1811 972 1866; x_wconf 87' lang='lat' dir='ltr'><strong>Ne</strong></span> <span class='ocrx_word' id='word_1_119' title='bbox 994 1811 1079 1884; x_wconf 82' lang='lat' dir='ltr'><strong>igitur</strong></span> <span class='ocrx_word' id='word_1_120' title='bbox 1098 1828 1142 1866; x_wconf 88' lang='lat' dir='ltr'><strong>ars</strong></span> <span class='ocrx_word' id='word_1_121' title='bbox 1164 1819 1219 1866; x_wconf 90' lang='lat' dir='ltr'><strong>tam</strong></span> <span class='ocrx_word' id='word_1_122' title='bbox 1237 1810 1367 1884; x_wconf 71' lang='lat' dir='ltr'><strong>praetera</strong></span> <span class='ocrx_word' id='word_1_123' title='bbox 1384 1812 1488 1868; x_wconf 89' lang='lat' dir='ltr'><strong>diutius</strong></span> <span class='ocrx_word' id='word_1_124' title='bbox 1503 1813 1530 1869; x_wconf 90' lang='lat' dir='ltr'><strong>iu</strong></span> <span class='ocrx_word' id='word_1_125' title='bbox 1546 1812 1654 1871; x_wconf 80' lang='lat' dir='ltr'><strong>Graecis</strong></span> <span class='ocrx_word' id='word_1_126' title='bbox 1670 1812 1759 1869; x_wconf 88' lang='lat' dir='ltr'><strong>literis</strong></span> 
     </span>
     <span class='ocr_line' id='line_1_13' title="bbox 457 1894 1759 1972; baseline -0.001 -19"><span class='ocrx_word' id='word_1_127' title='bbox 457 1896 564 1972; x_wconf 87' lang='lat' dir='ltr'><strong>sepulta</strong></span> <span class='ocrx_word' id='word_1_128' title='bbox 585 1896 695 1957; x_wconf 84' lang='lat' dir='ltr'><strong>lateret,</strong></span> <span class='ocrx_word' id='word_1_129' title='bbox 718 1904 765 1951; x_wconf 92' lang='lat' dir='ltr'><strong>aut</strong></span> <span class='ocrx_word' id='word_1_130' title='bbox 788 1912 847 1951; x_wconf 87' lang='lat' dir='ltr'><strong>eam</strong></span> <span class='ocrx_word' id='word_1_131' title='bbox 869 1895 1089 1970; x_wconf 79' lang='lat' dir='ltr'><strong>prestantissimi</strong></span> <span class='ocrx_word' id='word_1_132' title='bbox 1113 1894 1152 1950; x_wconf 95' lang='lat' dir='ltr'><strong>illi</strong></span> <span class='ocrx_word' id='word_1_133' title='bbox 1176 1895 1300 1952; x_wconf 88' lang='lat' dir='ltr'><strong>homines</strong></span> <span class='ocrx_word' id='word_1_134' title='bbox 1323 1904 1449 1971; x_wconf 91' lang='lat' dir='ltr'><strong>tanquam</strong></span> <span class='ocrx_word' id='word_1_135' title='bbox 1472 1896 1549 1955; x_wconf 82' lang='lat' dir='ltr'><strong>llidae</strong></span> <span class='ocrx_word' id='word_1_136' title='bbox 1569 1898 1684 1954; x_wconf 86' lang='lat' dir='ltr'><strong>divitias</strong></span> <span class='ocrx_word' id='word_1_137' title='bbox 1706 1897 1759 1955; x_wconf 84' lang='lat' dir='ltr'><strong>soli</strong></span> 
     </span>
     <span class='ocr_line' id='line_1_14' title="bbox 457 1979 1759 2056; baseline 0 -19"><span class='ocrx_word' id='word_1_138' title='bbox 457 1982 645 2056; x_wconf 84' lang='lat' dir='ltr'><strong>possiderent.</strong></span> <span class='ocrx_word' id='word_1_139' title='bbox 669 1979 743 2036; x_wconf 92' lang='lat' dir='ltr'><strong>illam</strong></span> <span class='ocrx_word' id='word_1_140' title='bbox 765 1980 826 2035; x_wconf 92' lang='lat' dir='ltr'><strong>inde</strong></span> <span class='ocrx_word' id='word_1_141' title='bbox 845 1997 941 2036; x_wconf 89' lang='lat' dir='ltr'><strong>eruere</strong></span> <span class='ocrx_word' id='word_1_142' title='bbox 964 1988 992 2035; x_wconf 95' lang='lat' dir='ltr'><strong>et</strong></span> <span class='ocrx_word' id='word_1_143' title='bbox 1010 1980 1113 2036; x_wconf 89' lang='lat' dir='ltr'><strong>Latinis</strong></span> <span class='ocrx_word' id='word_1_144' title='bbox 1136 1997 1245 2053; x_wconf 89' lang='lat' dir='ltr'><strong>quoque</strong></span> <span class='ocrx_word' id='word_1_145' title='bbox 1267 1980 1378 2036; x_wconf 88' lang='lat' dir='ltr'><strong>auribus</strong></span> <span class='ocrx_word' id='word_1_146' title='bbox 1402 1982 1543 2055; x_wconf 87' lang='lat' dir='ltr'><strong>impertire</strong></span> <span class='ocrx_word' id='word_1_147' title='bbox 1564 1983 1669 2039; x_wconf 87' lang='lat' dir='ltr'><strong>statui:</strong></span> <span class='ocrx_word' id='word_1_148' title='bbox 1703 2000 1759 2038; x_wconf 93' lang='lat' dir='ltr'><strong>non</strong></span> 
     </span>
     <span class='ocr_line' id='line_1_15' title="bbox 458 2063 1759 2142; baseline 0.002 -20"><span class='ocrx_word' id='word_1_149' title='bbox 458 2075 489 2122; x_wconf 91' lang='lat' dir='ltr'><strong>ut</strong></span> <span class='ocrx_word' id='word_1_150' title='bbox 507 2066 626 2140; x_wconf 87' lang='lat' dir='ltr'><strong>optimus</strong></span> <span class='ocrx_word' id='word_1_151' title='bbox 650 2065 765 2139; x_wconf 90' lang='lat' dir='ltr'><strong>quisque</strong></span> <span class='ocrx_word' id='word_1_152' title='bbox 787 2063 908 2136; x_wconf 91' lang='lat' dir='ltr'><strong>(illorum</strong></span> <span class='ocrx_word' id='word_1_153' title='bbox 929 2063 1026 2136; x_wconf 83' lang='lat' dir='ltr'><strong>instar)</strong></span> <span class='ocrx_word' id='word_1_154' title='bbox 1046 2064 1152 2120; x_wconf 90' lang='lat' dir='ltr'><strong>dicendi</strong></span> <span class='ocrx_word' id='word_1_155' title='bbox 1172 2081 1295 2120; x_wconf 92' lang='lat' dir='ltr'><strong>normam</strong></span> <span class='ocrx_word' id='word_1_156' title='bbox 1317 2065 1379 2121; x_wconf 93' lang='lat' dir='ltr'><strong>inde</strong></span> <span class='ocrx_word' id='word_1_157' title='bbox 1400 2076 1534 2129; x_wconf 87' lang='lat' dir='ltr'><strong>sumeret,</strong></span> <span class='ocrx_word' id='word_1_158' title='bbox 1559 2068 1607 2124; x_wconf 89' lang='lat' dir='ltr'><strong>sed</strong></span> <span class='ocrx_word' id='word_1_159' title='bbox 1625 2084 1684 2142; x_wconf 91' lang='lat' dir='ltr'><strong>quo</strong></span> <span class='ocrx_word' id='word_1_160' title='bbox 1704 2075 1759 2123; x_wconf 69' lang='lat' dir='ltr'><strong>um</strong></span> 
     </span>
     <span class='ocr_line' id='line_1_16' title="bbox 456 2147 1791 2223; baseline 0.001 -17"><span class='ocrx_word' id='word_1_161' title='bbox 456 2159 609 2211; x_wconf 81' lang='lat' dir='ltr'><strong>venustam.</strong></span> <span class='ocrx_word' id='word_1_162' title='bbox 641 2149 757 2223; x_wconf 88' lang='lat' dir='ltr'><strong>lepidam</strong></span> <span class='ocrx_word' id='word_1_163' title='bbox 784 2158 812 2205; x_wconf 88' lang='lat' dir='ltr'><strong>et</strong></span> <span class='ocrx_word' id='word_1_164' title='bbox 838 2149 981 2205; x_wconf 87' lang='lat' dir='ltr'><strong>iucurulam</strong></span> <span class='ocrx_word' id='word_1_165' title='bbox 1005 2148 1118 2204; x_wconf 87' lang='lat' dir='ltr'><strong>Veneris</strong></span> <span class='ocrx_word' id='word_1_166' title='bbox 1146 2156 1173 2205; x_wconf 88' lang='lat' dir='ltr'><strong>et</strong></span> <span class='ocrx_word' id='word_1_167' title='bbox 1202 2147 1355 2205; x_wconf 86' lang='lat' dir='ltr'><strong>Gratiarum</strong></span> <span class='ocrx_word' id='word_1_168' title='bbox 1386 2153 1512 2207; x_wconf 84' lang='lat' dir='ltr'><strong>lmturam</strong></span> <span class='ocrx_word' id='word_1_169' title='bbox 1539 2151 1703 2210; x_wconf 84' lang='lat' dir='ltr'><strong>discernere</strong></span> <span class='ocrx_word' id='word_1_170' title='bbox 1726 2159 1791 2207; x_wconf 83' lang='lat' dir='ltr'><strong>act⁵</strong></span> 
     </span>
     <span class='ocr_line' id='line_1_17' title="bbox 456 2220 1758 2309; baseline -0.001 -17"><span class='ocrx_word' id='word_1_171' title='bbox 456 2235 635 2292; x_wconf 87' lang='lat' dir='ltr'><strong>discemendo</strong></span> <span class='ocrx_word' id='word_1_172' title='bbox 653 2242 726 2290; x_wconf 90' lang='lat' dir='ltr'><strong>recte</strong></span> <span class='ocrx_word' id='word_1_173' title='bbox 740 2233 826 2290; x_wconf 86' lang='lat' dir='ltr'><strong>vitare</strong></span> <span class='ocrx_word' id='word_1_174' title='bbox 840 2243 943 2309; x_wconf 87' lang='lat' dir='ltr'><strong>posset.</strong></span> <span class='ocrx_word' id='word_1_175' title='bbox 979 2220 1074 2307; x_wconf 75' lang='grc' dir='ltr'><strong>ἡγὰρ</strong></span> <span class='ocrx_word' id='word_1_176' title='bbox 1096 2220 1172 2306; x_wconf 79' lang='grc' dir='ltr'><strong><em>αὐτὴ</em></strong></span> <span class='ocrx_word' id='word_1_177' title='bbox 1196 2221 1322 2306; x_wconf 81' lang='grc' dir='ltr'><strong><em>δύναμις</em></strong></span> <span class='ocrx_word' id='word_1_178' title='bbox 1343 2232 1403 2290; x_wconf 80' lang='grc' dir='ltr'><strong>τῶν</strong></span> <span class='ocrx_word' id='word_1_179' title='bbox 1426 2223 1606 2307; x_wconf 63' lang='lat' dir='ltr'><strong>trentam}</strong></span> <span class='ocrx_word' id='word_1_180' title='bbox 1625 2230 1758 2291; x_wconf 63' lang='lat' dir='ltr'><strong>demta.</strong></span> 
     </span>
     <span class='ocr_line' id='line_1_18' title="bbox 456 2317 1759 2394; baseline -0.001 -17"><span class='ocrx_word' id='word_1_181' title='bbox 456 2330 485 2378; x_wconf 88' lang='lat' dir='ltr'><strong>et</strong></span> <span class='ocrx_word' id='word_1_182' title='bbox 506 2321 552 2376; x_wconf 91' lang='lat' dir='ltr'><strong>ille</strong></span> <span class='ocrx_word' id='word_1_183' title='bbox 571 2319 658 2393; x_wconf 89' lang='lat' dir='ltr'><strong>probe</strong></span> <span class='ocrx_word' id='word_1_184' title='bbox 679 2318 749 2374; x_wconf 84' lang='lat' dir='ltr'><strong>hona</strong></span> <span class='ocrx_word' id='word_1_185' title='bbox 769 2317 847 2392; x_wconf 74' lang='lat' dir='ltr'><strong>eligit</strong></span> <span class='ocrx_word' id='word_1_186' title='bbox 869 2320 914 2392; x_wconf 95' lang='lat' dir='ltr'><strong>qui</strong></span> <span class='ocrx_word' id='word_1_187' title='bbox 937 2318 1006 2375; x_wconf 86' lang='lat' dir='ltr'><strong>mala</strong></span> <span class='ocrx_word' id='word_1_188' title='bbox 1032 2318 1085 2374; x_wconf 87' lang='lat' dir='ltr'><strong>rite</strong></span> <span class='ocrx_word' id='word_1_189' title='bbox 1110 2319 1205 2390; x_wconf 77' lang='lat' dir='ltr'><strong>lugere</strong></span> <span class='ocrx_word' id='word_1_190' title='bbox 1224 2319 1315 2382; x_wconf 85' lang='lat' dir='ltr'><strong>novit;</strong></span> <span class='ocrx_word' id='word_1_191' title='bbox 1339 2337 1491 2394; x_wconf 86' lang='lat' dir='ltr'><strong>quanquam</strong></span> <span class='ocrx_word' id='word_1_192' title='bbox 1514 2321 1684 2378; x_wconf 86' lang='lat' dir='ltr'><strong>sanctissimi</strong></span> <span class='ocrx_word' id='word_1_193' title='bbox 1707 2320 1759 2376; x_wconf 88' lang='lat' dir='ltr'><strong>viri</strong></span> 
     </span>
     <span class='ocr_line' id='line_1_19' title="bbox 457 2403 1759 2479; baseline 0.003 -18"><span class='ocrx_word' id='word_1_194' title='bbox 457 2422 512 2462; x_wconf 92' lang='lat' dir='ltr'><strong>non</strong></span> <span class='ocrx_word' id='word_1_195' title='bbox 535 2404 637 2478; x_wconf 79' lang='lat' dir='ltr'><strong>indigni</strong></span> <span class='ocrx_word' id='word_1_196' title='bbox 659 2412 751 2459; x_wconf 90' lang='lat' dir='ltr'><strong>essent</strong></span> <span class='ocrx_word' id='word_1_197' title='bbox 775 2404 820 2476; x_wconf 92' lang='lat' dir='ltr'><strong>qui</strong></span> <span class='ocrx_word' id='word_1_198' title='bbox 843 2404 911 2459; x_wconf 87' lang='lat' dir='ltr'><strong>artis</strong></span> <span class='ocrx_word' id='word_1_199' title='bbox 932 2404 1012 2460; x_wconf 79' lang='lat' dir='ltr'><strong>liuius</strong></span> <span class='ocrx_word' id='word_1_200' title='bbox 1032 2403 1161 2476; x_wconf 78' lang='lat' dir='ltr'><strong>praesidio</strong></span> <span class='ocrx_word' id='word_1_201' title='bbox 1190 2403 1252 2459; x_wconf 87' lang='lat' dir='ltr'><strong>talia</strong></span> <span class='ocrx_word' id='word_1_202' title='bbox 1280 2404 1405 2461; x_wconf 86' lang='lat' dir='ltr'><strong>audirent</strong></span> <span class='ocrx_word' id='word_1_203' title='bbox 1428 2404 1518 2478; x_wconf 92' lang='lat' dir='ltr'><strong>qualia</strong></span> <span class='ocrx_word' id='word_1_204' title='bbox 1540 2406 1593 2479; x_wconf 89' lang='lat' dir='ltr'><strong>ipsi</strong></span> <span class='ocrx_word' id='word_1_205' title='bbox 1617 2406 1759 2466; x_wconf 70' lang='lat' dir='ltr'><strong>dixerunt,</strong></span> 
     </span>
     <span class='ocr_line' id='line_1_20' title="bbox 457 2486 1759 2565; baseline 0.002 -20"><span class='ocrx_word' id='word_1_206' title='bbox 457 2490 560 2563; x_wconf 79' lang='lat' dir='ltr'><strong>indigui</strong></span> <span class='ocrx_word' id='word_1_207' title='bbox 583 2498 672 2544; x_wconf 84' lang='lat' dir='ltr'><strong>tarnem</strong></span> <span class='ocrx_word' id='word_1_208' title='bbox 694 2497 771 2550; x_wconf 82' lang='lat' dir='ltr'><strong>sunt,</strong></span> <span class='ocrx_word' id='word_1_209' title='bbox 800 2497 830 2544; x_wconf 89' lang='lat' dir='ltr'><strong>nt</strong></span> <span class='ocrx_word' id='word_1_210' title='bbox 851 2506 866 2544; x_wconf 91' lang='lat' dir='ltr'><strong>a</strong></span> <span class='ocrx_word' id='word_1_211' title='bbox 888 2488 982 2562; x_wconf 76' lang='lat' dir='ltr'><strong>preliis</strong></span> <span class='ocrx_word' id='word_1_212' title='bbox 1004 2486 1073 2543; x_wconf 88' lang='lat' dir='ltr'><strong>male</strong></span> <span class='ocrx_word' id='word_1_213' title='bbox 1095 2487 1218 2550; x_wconf 88' lang='lat' dir='ltr'><strong>audiant,</strong></span> <span class='ocrx_word' id='word_1_214' title='bbox 1247 2487 1415 2562; x_wconf 80' lang='lat' dir='ltr'><strong>indigniores</strong></span> <span class='ocrx_word' id='word_1_215' title='bbox 1438 2499 1469 2546; x_wconf 95' lang='lat' dir='ltr'><strong>ut</strong></span> <span class='ocrx_word' id='word_1_216' title='bbox 1489 2489 1628 2547; x_wconf 85' lang='lat' dir='ltr'><strong>honorum</strong></span> <span class='ocrx_word' id='word_1_217' title='bbox 1651 2490 1759 2565; x_wconf 75' lang='lat' dir='ltr'><strong>vitupe</strong></span> 
     </span>
     <span class='ocr_line' id='line_1_21' title="bbox 457 2572 1790 2646; baseline -0.003 -17"><span class='ocrx_word' id='word_1_218' title='bbox 457 2575 564 2630; x_wconf 88' lang='lat' dir='ltr'><strong>ratione</strong></span> <span class='ocrx_word' id='word_1_219' title='bbox 587 2580 733 2635; x_wconf 88' lang='lat' dir='ltr'><strong>ornentur,</strong></span> <span class='ocrx_word' id='word_1_220' title='bbox 767 2572 947 2646; x_wconf 83' lang='lat' dir='ltr'><strong>indignissirni</strong></span> <span class='ocrx_word' id='word_1_221' title='bbox 975 2572 1021 2645; x_wconf 92' lang='lat' dir='ltr'><strong>qui</strong></span> <span class='ocrx_word' id='word_1_222' title='bbox 1052 2572 1298 2628; x_wconf 80' lang='lat' dir='ltr'><strong>liencldinistarum</strong></span> <span class='ocrx_word' id='word_1_223' title='bbox 1326 2573 1505 2631; x_wconf 89' lang='lat' dir='ltr'><strong>insectatione</strong></span> <span class='ocrx_word' id='word_1_224' title='bbox 1525 2591 1629 2631; x_wconf 88' lang='lat' dir='ltr'><strong>nomen</strong></span> <span class='ocrx_word' id='word_1_225' title='bbox 1652 2574 1697 2631; x_wconf 84' lang='lat' dir='ltr'><strong>vel</strong></span> <span class='ocrx_word' id='word_1_226' title='bbox 1719 2575 1790 2630; x_wconf 65' lang='lat' dir='ltr'><strong>leae</strong></span> 
     </span>
     <span class='ocr_line' id='line_1_22' title="bbox 457 2657 1758 2733; baseline 0 -19"><span class='ocrx_word' id='word_1_227' title='bbox 457 2675 577 2719; x_wconf 88' lang='lat' dir='ltr'><strong>mosum,</strong></span> <span class='ocrx_word' id='word_1_228' title='bbox 604 2657 678 2730; x_wconf 91' lang='lat' dir='ltr'><strong>quod</strong></span> <span class='ocrx_word' id='word_1_229' title='bbox 698 2673 871 2731; x_wconf 89' lang='lat' dir='ltr'><strong>summopere</strong></span> <span class='ocrx_word' id='word_1_230' title='bbox 888 2666 1031 2730; x_wconf 78' lang='lat' dir='ltr'><strong>exoptant,</strong></span> <span class='ocrx_word' id='word_1_231' title='bbox 1055 2665 1271 2729; x_wconf 71' lang='lat' dir='ltr'><strong>consequentum</strong></span> <span class='ocrx_word' id='word_1_232' title='bbox 1301 2659 1422 2732; x_wconf 90' lang='lat' dir='ltr'><strong>quamvis</strong></span> <span class='ocrx_word' id='word_1_233' title='bbox 1440 2676 1491 2715; x_wconf 89' lang='lat' dir='ltr'><strong>nec</strong></span> <span class='ocrx_word' id='word_1_234' title='bbox 1518 2658 1572 2715; x_wconf 91' lang='lat' dir='ltr'><strong>hoc</strong></span> <span class='ocrx_word' id='word_1_235' title='bbox 1596 2659 1758 2733; x_wconf 82' lang='lat' dir='ltr'><strong>negaverim</strong></span> 
     </span>
     <span class='ocr_line' id='line_1_23' title="bbox 458 2740 1757 2818; baseline 0.001 -20"><span class='ocrx_word' id='word_1_236' title='bbox 458 2743 529 2798; x_wconf 89' lang='lat' dir='ltr'><strong>iusta</strong></span> <span class='ocrx_word' id='word_1_237' title='bbox 548 2758 596 2797; x_wconf 91' lang='lat' dir='ltr'><strong>eos</strong></span> <span class='ocrx_word' id='word_1_238' title='bbox 614 2740 801 2813; x_wconf 83' lang='lat' dir='ltr'><strong>indignatione</strong></span> <span class='ocrx_word' id='word_1_239' title='bbox 812 2758 1018 2814; x_wconf 81' lang='lat' dir='ltr'><strong>‚nonnunquam</strong></span> <span class='ocrx_word' id='word_1_240' title='bbox 1041 2741 1198 2797; x_wconf 82' lang='lat' dir='ltr'><strong>dementare</strong></span> <span class='ocrx_word' id='word_1_241' title='bbox 1218 2758 1249 2797; x_wconf 85' lang='lat' dir='ltr'><strong>ao</strong></span> <span class='ocrx_word' id='word_1_242' title='bbox 1268 2741 1409 2799; x_wconf 79' lang='lat' dir='ltr'><strong>beluarum</strong></span> <span class='ocrx_word' id='word_1_243' title='bbox 1430 2744 1516 2800; x_wconf 89' lang='lat' dir='ltr'><strong>instar</strong></span> <span class='ocrx_word' id='word_1_244' title='bbox 1533 2744 1692 2818; x_wconf 76' lang='lat' dir='ltr'><strong>saepissime</strong></span> <span class='ocrx_word' id='word_1_245' title='bbox 1712 2761 1757 2801; x_wconf 85' lang='lat' dir='ltr'><strong>en·</strong></span> 
     </span>
     <span class='ocr_line' id='line_1_24' title="bbox 456 2825 1756 2902; baseline 0.002 -20"><span class='ocrx_word' id='word_1_246' title='bbox 456 2827 626 2883; x_wconf 87' lang='lat' dir='ltr'><strong>candescere.</strong></span> <span class='ocrx_word' id='word_1_247' title='bbox 671 2825 730 2880; x_wconf 88' lang='lat' dir='ltr'><strong>Non</strong></span> <span class='ocrx_word' id='word_1_248' title='bbox 752 2825 824 2881; x_wconf 91' lang='lat' dir='ltr'><strong>enim</strong></span> <span class='ocrx_word' id='word_1_249' title='bbox 846 2842 933 2899; x_wconf 92' lang='lat' dir='ltr'><strong>usque</strong></span> <span class='ocrx_word' id='word_1_250' title='bbox 955 2826 1022 2881; x_wconf 91' lang='lat' dir='ltr'><strong>adeo</strong></span> <span class='ocrx_word' id='word_1_251' title='bbox 1046 2826 1141 2881; x_wconf 89' lang='lat' dir='ltr'><strong>insulsi</strong></span> <span class='ocrx_word' id='word_1_252' title='bbox 1164 2836 1228 2882; x_wconf 92' lang='lat' dir='ltr'><strong>sunt</strong></span> <span class='ocrx_word' id='word_1_253' title='bbox 1253 2843 1284 2881; x_wconf 92' lang='lat' dir='ltr'><strong>ac</strong></span> <span class='ocrx_word' id='word_1_254' title='bbox 1307 2827 1432 2891; x_wconf 88' lang='lat' dir='ltr'><strong>hebetes,</strong></span> <span class='ocrx_word' id='word_1_255' title='bbox 1462 2828 1528 2902; x_wconf 91' lang='lat' dir='ltr'><strong>quin</strong></span> <span class='ocrx_word' id='word_1_256' title='bbox 1555 2845 1585 2885; x_wconf 87' lang='lat' dir='ltr'><strong>se</strong></span> <span class='ocrx_word' id='word_1_257' title='bbox 1611 2828 1756 2891; x_wconf 84' lang='lat' dir='ltr'><strong>barbaros,</strong></span> 
     </span>
     <span class='ocr_line' id='line_1_25' title="bbox 458 2903 1755 2987; baseline 0.001 -19"><span class='ocrx_word' id='word_1_258' title='bbox 458 2912 572 2972; x_wconf 87' lang='lat' dir='ltr'><strong>inertes.</strong></span> <span class='ocrx_word' id='word_1_259' title='bbox 596 2903 691 2972; x_wconf 80' lang='lat' dir='ltr'><strong>rudes,</strong></span> <span class='ocrx_word' id='word_1_260' title='bbox 716 2910 838 2984; x_wconf 90' lang='lat' dir='ltr'><strong>ineptos,</strong></span> <span class='ocrx_word' id='word_1_261' title='bbox 865 2910 1003 2983; x_wconf 90' lang='lat' dir='ltr'><strong>stupidos,</strong></span> <span class='ocrx_word' id='word_1_262' title='bbox 1029 2910 1174 2966; x_wconf 89' lang='lat' dir='ltr'><strong>illiteratos</strong></span> <span class='ocrx_word' id='word_1_263' title='bbox 1199 2920 1227 2967; x_wconf 93' lang='lat' dir='ltr'><strong>et</strong></span> <span class='ocrx_word' id='word_1_264' title='bbox 1253 2903 1333 2986; x_wconf 67' lang='lat' dir='ltr'><strong>plane</strong></span> <span class='ocrx_word' id='word_1_265' title='bbox 1362 2911 1566 2987; x_wconf 86' lang='lat' dir='ltr'><strong>disciplinarum</strong></span> <span class='ocrx_word' id='word_1_266' title='bbox 1592 2921 1755 2970; x_wconf 77' lang='lat' dir='ltr'><strong>cunctarum</strong></span> 
     </span>
     <span class='ocr_line' id='line_1_26' title="bbox 458 2996 1786 3072; baseline 0.001 -20"><span class='ocrx_word' id='word_1_267' title='bbox 458 2997 558 3052; x_wconf 87' lang='lat' dir='ltr'><strong>inscios</strong></span> <span class='ocrx_word' id='word_1_268' title='bbox 585 3013 645 3052; x_wconf 91' lang='lat' dir='ltr'><strong>esse</strong></span> <span class='ocrx_word' id='word_1_269' title='bbox 674 3004 857 3068; x_wconf 76' lang='lat' dir='ltr'><strong>cognoscant;</strong></span> <span class='ocrx_word' id='word_1_270' title='bbox 893 2996 1062 3052; x_wconf 67' lang='lat' dir='ltr'><strong>anniversarios</strong></span> <span class='ocrx_word' id='word_1_271' title='bbox 1087 3012 1151 3051; x_wconf 90' lang='lat' dir='ltr'><strong>vero</strong></span> <span class='ocrx_word' id='word_1_272' title='bbox 1181 3013 1246 3051; x_wconf 89' lang='lat' dir='ltr'><strong>suos</strong></span> <span class='ocrx_word' id='word_1_273' title='bbox 1275 2996 1399 3052; x_wconf 82' lang='lat' dir='ltr'><strong>hunnines</strong></span> <span class='ocrx_word' id='word_1_274' title='bbox 1423 2997 1540 3071; x_wconf 89' lang='lat' dir='ltr'><strong>politos.</strong></span> <span class='ocrx_word' id='word_1_275' title='bbox 1570 2998 1786 3072; x_wconf 75' lang='lat' dir='ltr'><strong>compositosa</strong></span> 
     </span>
     <span class='ocr_line' id='line_1_27' title="bbox 456 3080 1755 3155; baseline -0.002 -16"><span class='ocrx_word' id='word_1_276' title='bbox 456 3081 593 3143; x_wconf 82' lang='lat' dir='ltr'><strong>excultos,</strong></span> <span class='ocrx_word' id='word_1_277' title='bbox 617 3089 711 3155; x_wconf 85' lang='lat' dir='ltr'><strong>aptos.</strong></span> <span class='ocrx_word' id='word_1_278' title='bbox 734 3080 917 3154; x_wconf 86' lang='lat' dir='ltr'><strong>perspicaces.</strong></span> <span class='ocrx_word' id='word_1_279' title='bbox 941 3081 1065 3136; x_wconf 87' lang='lat' dir='ltr'><strong>eruditos</strong></span> <span class='ocrx_word' id='word_1_280' title='bbox 1086 3088 1113 3135; x_wconf 91' lang='lat' dir='ltr'><strong>et</strong></span> <span class='ocrx_word' id='word_1_281' title='bbox 1136 3080 1237 3135; x_wconf 89' lang='lat' dir='ltr'><strong>nullius</strong></span> <span class='ocrx_word' id='word_1_282' title='bbox 1260 3089 1342 3137; x_wconf 68' lang='lat' dir='ltr'><strong>rectae</strong></span> <span class='ocrx_word' id='word_1_283' title='bbox 1365 3082 1485 3138; x_wconf 78' lang='lat' dir='ltr'><strong>scientim</strong></span> <span class='ocrx_word' id='word_1_284' title='bbox 1507 3082 1637 3155; x_wconf 75' lang='lat' dir='ltr'><strong>ignaroS,</strong></span> <span class='ocrx_word' id='word_1_285' title='bbox 1661 3090 1692 3138; x_wconf 93' lang='lat' dir='ltr'><strong>ut</strong></span> <span class='ocrx_word' id='word_1_286' title='bbox 1715 3082 1755 3137; x_wconf 90' lang='lat' dir='ltr'><strong>in·</strong></span> 
     </span>
     <span class='ocr_line' id='line_1_28' title="bbox 457 3164 1754 3239; baseline 0.003 -17"><span class='ocrx_word' id='word_1_287' title='bbox 457 3167 536 3223; x_wconf 87' lang='lat' dir='ltr'><strong>terim</strong></span> <span class='ocrx_word' id='word_1_288' title='bbox 560 3166 592 3221; x_wconf 91' lang='lat' dir='ltr'><strong>do</strong></span> <span class='ocrx_word' id='word_1_289' title='bbox 613 3166 735 3222; x_wconf 88' lang='lat' dir='ltr'><strong>morilms</strong></span> <span class='ocrx_word' id='word_1_290' title='bbox 756 3173 784 3220; x_wconf 91' lang='lat' dir='ltr'><strong>et</strong></span> <span class='ocrx_word' id='word_1_291' title='bbox 805 3166 867 3220; x_wconf 79' lang='lat' dir='ltr'><strong>vite</strong></span> <span class='ocrx_word' id='word_1_292' title='bbox 887 3165 1030 3221; x_wconf 84' lang='lat' dir='ltr'><strong>honestate</strong></span> <span class='ocrx_word' id='word_1_293' title='bbox 1053 3164 1193 3226; x_wconf 84' lang='lat' dir='ltr'><strong>sileamus,</strong></span> <span class='ocrx_word' id='word_1_294' title='bbox 1223 3174 1251 3221; x_wconf 91' lang='lat' dir='ltr'><strong>et</strong></span> <span class='ocrx_word' id='word_1_295' title='bbox 1275 3166 1349 3238; x_wconf 93' lang='lat' dir='ltr'><strong>quod</strong></span> <span class='ocrx_word' id='word_1_296' title='bbox 1372 3165 1454 3239; x_wconf 83' lang='lat' dir='ltr'><strong>longe</strong></span> <span class='ocrx_word' id='word_1_297' title='bbox 1477 3165 1681 3222; x_wconf 86' lang='lat' dir='ltr'><strong>intolerabilius</strong></span> <span class='ocrx_word' id='word_1_298' title='bbox 1703 3175 1754 3227; x_wconf 70' lang='lat' dir='ltr'><strong>est,</strong></span> 
     </span>
     <span class='ocr_line' id='line_1_29' title="bbox 457 3249 1755 3324; baseline -0.001 -17"><span class='ocrx_word' id='word_1_299' title='bbox 457 3252 555 3307; x_wconf 87' lang='lat' dir='ltr'><strong>idiotas</strong></span> <span class='ocrx_word' id='word_1_300' title='bbox 576 3252 657 3306; x_wconf 88' lang='lat' dir='ltr'><strong>etiam</strong></span> <span class='ocrx_word' id='word_1_301' title='bbox 674 3249 798 3323; x_wconf 90' lang='lat' dir='ltr'><strong>supinam</strong></span> <span class='ocrx_word' id='word_1_302' title='bbox 820 3267 914 3305; x_wconf 91' lang='lat' dir='ltr'><strong>eorum</strong></span> <span class='ocrx_word' id='word_1_303' title='bbox 937 3250 1119 3322; x_wconf 78' lang='lat' dir='ltr'><strong>ignorantiam</strong></span> <span class='ocrx_word' id='word_1_304' title='bbox 1137 3249 1292 3305; x_wconf 88' lang='lat' dir='ltr'><strong>diiudicare.</strong></span> <span class='ocrx_word' id='word_1_305' title='bbox 1326 3250 1379 3305; x_wconf 90' lang='lat' dir='ltr'><strong>Cur</strong></span> <span class='ocrx_word' id='word_1_306' title='bbox 1402 3250 1487 3324; x_wconf 84' lang='lat' dir='ltr'><strong>igitur</strong></span> <span class='ocrx_word' id='word_1_307' title='bbox 1508 3268 1564 3307; x_wconf 92' lang='lat' dir='ltr'><strong>non</strong></span> <span class='ocrx_word' id='word_1_308' title='bbox 1586 3251 1702 3308; x_wconf 88' lang='lat' dir='ltr'><strong>doleant</strong></span> <span class='ocrx_word' id='word_1_309' title='bbox 1723 3268 1755 3307; x_wconf 80' lang='lat' dir='ltr'><strong>ac</strong></span> 
     </span>
     <span class='ocr_line' id='line_1_30' title="bbox 455 3333 1754 3407; baseline -0.002 -14"><span class='ocrx_word' id='word_1_310' title='bbox 455 3336 564 3393; x_wconf 81' lang='lat' dir='ltr'><strong>rabioso</strong></span> <span class='ocrx_word' id='word_1_311' title='bbox 586 3334 760 3393; x_wconf 90' lang='lat' dir='ltr'><strong>maledicant,</strong></span> <span class='ocrx_word' id='word_1_312' title='bbox 782 3351 844 3390; x_wconf 93' lang='lat' dir='ltr'><strong>cum</strong></span> <span class='ocrx_word' id='word_1_313' title='bbox 865 3334 947 3406; x_wconf 82' lang='lat' dir='ltr'><strong>longe</strong></span> <span class='ocrx_word' id='word_1_314' title='bbox 969 3334 1075 3389; x_wconf 90' lang='lat' dir='ltr'><strong>lacilius</strong></span> <span class='ocrx_word' id='word_1_315' title='bbox 1096 3333 1132 3388; x_wconf 86' lang='lat' dir='ltr'><strong>sit</strong></span> <span class='ocrx_word' id='word_1_316' title='bbox 1154 3342 1209 3389; x_wconf 90' lang='lat' dir='ltr'><strong>tam</strong></span> <span class='ocrx_word' id='word_1_317' title='bbox 1228 3335 1360 3407; x_wconf 88' lang='lat' dir='ltr'><strong>stupenda</strong></span> <span class='ocrx_word' id='word_1_318' title='bbox 1381 3336 1548 3392; x_wconf 91' lang='lat' dir='ltr'><strong>conviciandi</strong></span> <span class='ocrx_word' id='word_1_319' title='bbox 1570 3336 1679 3391; x_wconf 89' lang='lat' dir='ltr'><strong>ratione</strong></span> <span class='ocrx_word' id='word_1_320' title='bbox 1696 3352 1754 3391; x_wconf 93' lang='lat' dir='ltr'><strong>mu·</strong></span> 
     </span>
     <span class='ocr_line' id='line_1_31' title="bbox 456 3418 1785 3494; baseline -0.002 -17"><span class='ocrx_word' id='word_1_321' title='bbox 456 3422 530 3477; x_wconf 92' lang='lat' dir='ltr'><strong>nitos</strong></span> <span class='ocrx_word' id='word_1_322' title='bbox 553 3419 681 3494; x_wconf 89' lang='lat' dir='ltr'><strong>quicquid</strong></span> <span class='ocrx_word' id='word_1_323' title='bbox 703 3418 730 3473; x_wconf 90' lang='lat' dir='ltr'><strong>in</strong></span> <span class='ocrx_word' id='word_1_324' title='bbox 752 3418 862 3474; x_wconf 75' lang='lat' dir='ltr'><strong>lanceam</strong></span> <span class='ocrx_word' id='word_1_325' title='bbox 884 3418 987 3473; x_wconf 89' lang='lat' dir='ltr'><strong>venerit</strong></span> <span class='ocrx_word' id='word_1_326' title='bbox 1008 3418 1114 3474; x_wconf 89' lang='lat' dir='ltr'><strong>ellutiro</strong></span> <span class='ocrx_word' id='word_1_327' title='bbox 1136 3426 1164 3473; x_wconf 88' lang='lat' dir='ltr'><strong>et</strong></span> <span class='ocrx_word' id='word_1_328' title='bbox 1185 3435 1279 3474; x_wconf 90' lang='lat' dir='ltr'><strong>omnes</strong></span> <span class='ocrx_word' id='word_1_329' title='bbox 1299 3419 1422 3475; x_wconf 86' lang='lat' dir='ltr'><strong>homines</strong></span> <span class='ocrx_word' id='word_1_330' title='bbox 1443 3419 1576 3476; x_wconf 83' lang='lat' dir='ltr'><strong>virulenta</strong></span> <span class='ocrx_word' id='word_1_331' title='bbox 1599 3420 1696 3493; x_wconf 80' lang='lat' dir='ltr'><strong>lingua</strong></span> <span class='ocrx_word' id='word_1_332' title='bbox 1713 3420 1785 3475; x_wconf 74' lang='lat' dir='ltr'><strong>di-to</strong></span> 
     </span>
     <span class='ocr_line' id='line_1_32' title="bbox 456 3502 1753 3578; baseline -0.003 -16"><span class='ocrx_word' id='word_1_333' title='bbox 456 3506 574 3562; x_wconf 87' lang='lat' dir='ltr'><strong>lacerare</strong></span> <span class='ocrx_word' id='word_1_334' title='bbox 597 3522 677 3578; x_wconf 91' lang='lat' dir='ltr'><strong>quarn</strong></span> <span class='ocrx_word' id='word_1_335' title='bbox 700 3503 882 3575; x_wconf 77' lang='lat' dir='ltr'><strong>ignorantiam</strong></span> <span class='ocrx_word' id='word_1_336' title='bbox 906 3502 1037 3564; x_wconf 80' lang='lat' dir='ltr'><strong>abiicere,</strong></span> <span class='ocrx_word' id='word_1_337' title='bbox 1060 3502 1161 3575; x_wconf 88' lang='lat' dir='ltr'><strong>optima</strong></span> <span class='ocrx_word' id='word_1_338' title='bbox 1183 3503 1337 3576; x_wconf 86' lang='lat' dir='ltr'><strong>perdiscere</strong></span> <span class='ocrx_word' id='word_1_339' title='bbox 1360 3514 1388 3559; x_wconf 90' lang='lat' dir='ltr'><strong>ct</strong></span> <span class='ocrx_word' id='word_1_340' title='bbox 1406 3504 1523 3560; x_wconf 87' lang='lat' dir='ltr'><strong>animum</strong></span> <span class='ocrx_word' id='word_1_341' title='bbox 1543 3504 1624 3560; x_wconf 84' lang='lat' dir='ltr'><strong>bonis</strong></span> <span class='ocrx_word' id='word_1_342' title='bbox 1641 3504 1753 3577; x_wconf 82' lang='lat' dir='ltr'><strong>quihus·</strong></span> 
     </span>
     <span class='ocr_line' id='line_1_33' title="bbox 457 3586 1752 3667; baseline -0.001 -21"><span class='ocrx_word' id='word_1_343' title='bbox 457 3608 509 3667; x_wconf 90' lang='lat' dir='ltr'><strong>qne</strong></span> <span class='ocrx_word' id='word_1_344' title='bbox 533 3588 637 3646; x_wconf 82' lang='lat' dir='ltr'><strong>artibus</strong></span> <span class='ocrx_word' id='word_1_345' title='bbox 660 3604 799 3644; x_wconf 86' lang='lat' dir='ltr'><strong>exornare.</strong></span> <span class='ocrx_word' id='word_1_346' title='bbox 834 3586 902 3654; x_wconf 85' lang='lat' dir='ltr'><strong>Quin</strong></span> <span class='ocrx_word' id='word_1_347' title='bbox 924 3587 976 3642; x_wconf 84' lang='lat' dir='ltr'><strong>lroc</strong></span> <span class='ocrx_word' id='word_1_348' title='bbox 999 3604 1108 3660; x_wconf 89' lang='lat' dir='ltr'><strong>quoque</strong></span> <span class='ocrx_word' id='word_1_349' title='bbox 1126 3587 1166 3641; x_wconf 89' lang='lat' dir='ltr'><strong>vel</strong></span> <span class='ocrx_word' id='word_1_350' title='bbox 1188 3587 1389 3644; x_wconf 90' lang='lat' dir='ltr'><strong>modestissimo</strong></span> <span class='ocrx_word' id='word_1_351' title='bbox 1410 3605 1506 3645; x_wconf 88' lang='lat' dir='ltr'><strong>eorum</strong></span> <span class='ocrx_word' id='word_1_352' title='bbox 1521 3588 1603 3644; x_wconf 89' lang='lat' dir='ltr'><strong>bilem</strong></span> <span class='ocrx_word' id='word_1_353' title='bbox 1621 3596 1752 3650; x_wconf 80' lang='lat' dir='ltr'><strong>moveret.</strong></span> 
     </span>
     <span class='ocr_line' id='line_1_34' title="bbox 455 3671 1752 3747; baseline -0.003 -15"><span class='ocrx_word' id='word_1_354' title='bbox 455 3693 516 3732; x_wconf 90' lang='lat' dir='ltr'><strong>cum</strong></span> <span class='ocrx_word' id='word_1_355' title='bbox 539 3690 594 3730; x_wconf 90' lang='lat' dir='ltr'><strong>nou</strong></span> <span class='ocrx_word' id='word_1_356' title='bbox 616 3672 704 3729; x_wconf 92' lang='lat' dir='ltr'><strong>solnm</strong></span> <span class='ocrx_word' id='word_1_357' title='bbox 727 3672 907 3746; x_wconf 89' lang='lat' dir='ltr'><strong>provectioris</strong></span> <span class='ocrx_word' id='word_1_358' title='bbox 922 3671 1011 3726; x_wconf 78' lang='lat' dir='ltr'><strong>aetatis</strong></span> <span class='ocrx_word' id='word_1_359' title='bbox 1025 3671 1112 3733; x_wconf 89' lang='lat' dir='ltr'><strong>viros,</strong></span> <span class='ocrx_word' id='word_1_360' title='bbox 1137 3672 1182 3727; x_wconf 89' lang='lat' dir='ltr'><strong>sed</strong></span> <span class='ocrx_word' id='word_1_361' title='bbox 1199 3671 1384 3728; x_wconf 88' lang='lat' dir='ltr'><strong>adulescentes</strong></span> <span class='ocrx_word' id='word_1_362' title='bbox 1400 3673 1475 3747; x_wconf 94' lang='lat' dir='ltr'><strong>ipsos</strong></span> <span class='ocrx_word' id='word_1_363' title='bbox 1490 3680 1517 3728; x_wconf 93' lang='lat' dir='ltr'><strong>et</strong></span> <span class='ocrx_word' id='word_1_364' title='bbox 1532 3673 1574 3728; x_wconf 84' lang='lat' dir='ltr'><strong>vin</strong></span> <span class='ocrx_word' id='word_1_365' title='bbox 1589 3675 1623 3729; x_wconf 75' lang='lat' dir='ltr'><strong>el</strong></span> <span class='ocrx_word' id='word_1_366' title='bbox 1639 3673 1752 3747; x_wconf 82' lang='lat' dir='ltr'><strong>ephebis</strong></span> 
     </span>
     <span class='ocr_line' id='line_1_35' title="bbox 456 3747 1752 3834; baseline -0.004 -17"><span class='ocrx_word' id='word_1_367' title='bbox 456 3777 583 3834; x_wconf 80' lang='lat' dir='ltr'><strong>egressos</strong></span> <span class='ocrx_word' id='word_1_368' title='bbox 607 3766 681 3814; x_wconf 89' lang='lat' dir='ltr'><strong>tanta</strong></span> <span class='ocrx_word' id='word_1_369' title='bbox 702 3757 833 3832; x_wconf 74' lang='lat' dir='ltr'><strong>preditos</strong></span> <span class='ocrx_word' id='word_1_370' title='bbox 853 3756 977 3813; x_wconf 85' lang='lat' dir='ltr'><strong>doctrina</strong></span> <span class='ocrx_word' id='word_1_371' title='bbox 998 3764 1136 3818; x_wconf 84' lang='lat' dir='ltr'><strong>cerneret,</strong></span> <span class='ocrx_word' id='word_1_372' title='bbox 1167 3764 1198 3811; x_wconf 89' lang='lat' dir='ltr'><strong>ut</strong></span> <span class='ocrx_word' id='word_1_373' title='bbox 1220 3756 1253 3811; x_wconf 92' lang='lat' dir='ltr'><strong>de</strong></span> <span class='ocrx_word' id='word_1_374' title='bbox 1275 3757 1367 3812; x_wconf 90' lang='lat' dir='ltr'><strong>arduis</strong></span> <span class='ocrx_word' id='word_1_375' title='bbox 1391 3775 1499 3831; x_wconf 92' lang='lat' dir='ltr'><strong>quoquc</strong></span> <span class='ocrx_word' id='word_1_376' title='bbox 1529 3757 1612 3813; x_wconf 88' lang='lat' dir='ltr'><strong>rebus</strong></span> <span class='ocrx_word' id='word_1_377' title='bbox 1641 3747 1752 3831; x_wconf 75' lang='lat' dir='ltr'><strong>egregie</strong></span> 
     </span>
     <span class='ocr_line' id='line_1_36' title="bbox 456 3840 1782 3915; baseline -0.007 -14"><span class='ocrx_word' id='word_1_378' title='bbox 456 3847 590 3902; x_wconf 88' lang='lat' dir='ltr'><strong>disserere</strong></span> <span class='ocrx_word' id='word_1_379' title='bbox 610 3854 639 3900; x_wconf 92' lang='lat' dir='ltr'><strong>et</strong></span> <span class='ocrx_word' id='word_1_380' title='bbox 659 3844 687 3899; x_wconf 88' lang='lat' dir='ltr'><strong>in</strong></span> <span class='ocrx_word' id='word_1_381' title='bbox 707 3843 812 3898; x_wconf 90' lang='lat' dir='ltr'><strong>eunctis</strong></span> <span class='ocrx_word' id='word_1_382' title='bbox 833 3841 984 3898; x_wconf 87' lang='lat' dir='ltr'><strong>rectissime</strong></span> <span class='ocrx_word' id='word_1_383' title='bbox 1006 3840 1107 3896; x_wconf 85' lang='lat' dir='ltr'><strong>sentire</strong></span> <span class='ocrx_word' id='word_1_384' title='bbox 1127 3850 1249 3915; x_wconf 88' lang='lat' dir='ltr'><strong>possent.</strong></span> <span class='ocrx_word' id='word_1_385' title='bbox 1283 3841 1432 3898; x_wconf 89' lang='lat' dir='ltr'><strong>Iustissime</strong></span> <span class='ocrx_word' id='word_1_386' title='bbox 1455 3842 1541 3915; x_wconf 80' lang='lat' dir='ltr'><strong>igitur</strong></span> <span class='ocrx_word' id='word_1_387' title='bbox 1556 3851 1611 3898; x_wconf 88' lang='lat' dir='ltr'><strong>tarn</strong></span> <span class='ocrx_word' id='word_1_388' title='bbox 1627 3842 1782 3898; x_wconf 72' lang='lat' dir='ltr'><strong>furenterta</strong></span> 
     </span>
     <span class='ocr_line' id='line_1_37' title="bbox 457 3924 1751 4001; baseline 0.001 -16"><span class='ocrx_word' id='word_1_389' title='bbox 457 3931 608 3991; x_wconf 89' lang='lat' dir='ltr'><strong>insaniunt.</strong></span> <span class='ocrx_word' id='word_1_390' title='bbox 637 3937 678 3989; x_wconf 87' lang='lat' dir='ltr'><strong>et.</strong></span> <span class='ocrx_word' id='word_1_391' title='bbox 703 3936 734 3983; x_wconf 92' lang='lat' dir='ltr'><strong>ut</strong></span> <span class='ocrx_word' id='word_1_392' title='bbox 762 3927 868 3983; x_wconf 86' lang='lat' dir='ltr'><strong>assidue</strong></span> <span class='ocrx_word' id='word_1_393' title='bbox 896 3926 939 3982; x_wconf 92' lang='lat' dir='ltr'><strong>sui</strong></span> <span class='ocrx_word' id='word_1_394' title='bbox 967 3926 1022 3981; x_wconf 90' lang='lat' dir='ltr'><strong>sint</strong></span> <span class='ocrx_word' id='word_1_395' title='bbox 1051 3924 1167 3986; x_wconf 86' lang='lat' dir='ltr'><strong>similes,</strong></span> <span class='ocrx_word' id='word_1_396' title='bbox 1196 3926 1269 3999; x_wconf 93' lang='lat' dir='ltr'><strong>quod</strong></span> <span class='ocrx_word' id='word_1_397' title='bbox 1297 3944 1405 4001; x_wconf 89' lang='lat' dir='ltr'><strong>semper</strong></span> <span class='ocrx_word' id='word_1_398' title='bbox 1429 3928 1517 3983; x_wconf 88' lang='lat' dir='ltr'><strong>lacere</strong></span> <span class='ocrx_word' id='word_1_399' title='bbox 1539 3936 1751 3987; x_wconf 79' lang='lat' dir='ltr'><strong>consueverunt,</strong></span> 
     </span>
     <span class='ocr_line' id='line_1_38' title="bbox 457 4010 1751 4088; baseline -0.003 -18"><span class='ocrx_word' id='word_1_400' title='bbox 457 4031 596 4088; x_wconf 91' lang='lat' dir='ltr'><strong>nunquam</strong></span> <span class='ocrx_word' id='word_1_401' title='bbox 618 4013 706 4069; x_wconf 89' lang='lat' dir='ltr'><strong>lacere</strong></span> <span class='ocrx_word' id='word_1_402' title='bbox 728 4012 868 4067; x_wconf 86' lang='lat' dir='ltr'><strong>desinunt:</strong></span> <span class='ocrx_word' id='word_1_403' title='bbox 902 4019 930 4065; x_wconf 93' lang='lat' dir='ltr'><strong>et</strong></span> <span class='ocrx_word' id='word_1_404' title='bbox 951 4019 1024 4067; x_wconf 89' lang='lat' dir='ltr'><strong>recte</strong></span> <span class='ocrx_word' id='word_1_405' title='bbox 1048 4010 1169 4083; x_wconf 91' lang='lat' dir='ltr'><strong>quidem:</strong></span> <span class='ocrx_word' id='word_1_406' title='bbox 1198 4027 1255 4066; x_wconf 82' lang='lat' dir='ltr'><strong>aron</strong></span> <span class='ocrx_word' id='word_1_407' title='bbox 1277 4011 1348 4067; x_wconf 89' lang='lat' dir='ltr'><strong>onim</strong></span> <span class='ocrx_word' id='word_1_408' title='bbox 1370 4011 1403 4066; x_wconf 92' lang='lat' dir='ltr'><strong>de</strong></span> <span class='ocrx_word' id='word_1_409' title='bbox 1422 4011 1490 4067; x_wconf 92' lang='lat' dir='ltr'><strong>asini</strong></span> <span class='ocrx_word' id='word_1_410' title='bbox 1513 4011 1623 4073; x_wconf 85' lang='lat' dir='ltr'><strong>umbra,</strong></span> <span class='ocrx_word' id='word_1_411' title='bbox 1650 4011 1699 4067; x_wconf 87' lang='lat' dir='ltr'><strong>sed</strong></span> <span class='ocrx_word' id='word_1_412' title='bbox 1719 4011 1751 4066; x_wconf 90' lang='lat' dir='ltr'><strong>de</strong></span> 
     </span>
     <span class='ocr_line' id='line_1_39' title="bbox 457 4093 1752 4172; baseline -0.004 -17"><span class='ocrx_word' id='word_1_413' title='bbox 457 4098 526 4155; x_wconf 91' lang='lat' dir='ltr'><strong>asini</strong></span> <span class='ocrx_word' id='word_1_414' title='bbox 543 4097 629 4172; x_wconf 90' lang='lat' dir='ltr'><strong>ipsius</strong></span> <span class='ocrx_word' id='word_1_415' title='bbox 647 4096 717 4170; x_wconf 94' lang='lat' dir='ltr'><strong>pelle</strong></span> <span class='ocrx_word' id='word_1_416' title='bbox 733 4096 833 4168; x_wconf 75' lang='lat' dir='ltr'><strong>agitur.</strong></span> <span class='ocrx_word' id='word_1_417' title='bbox 864 4095 1005 4151; x_wconf 87' lang='lat' dir='ltr'><strong>Petulcum</strong></span> <span class='ocrx_word' id='word_1_418' title='bbox 1027 4095 1099 4151; x_wconf 92' lang='lat' dir='ltr'><strong>enim</strong></span> <span class='ocrx_word' id='word_1_419' title='bbox 1118 4093 1231 4157; x_wconf 90' lang='lat' dir='ltr'><strong>animal,</strong></span> <span class='ocrx_word' id='word_1_420' title='bbox 1254 4112 1309 4151; x_wconf 92' lang='lat' dir='ltr'><strong>non</strong></span> <span class='ocrx_word' id='word_1_421' title='bbox 1329 4094 1418 4153; x_wconf 92' lang='lat' dir='ltr'><strong>solum</strong></span> <span class='ocrx_word' id='word_1_422' title='bbox 1436 4096 1469 4152; x_wconf 91' lang='lat' dir='ltr'><strong>de</strong></span> <span class='ocrx_word' id='word_1_423' title='bbox 1485 4096 1554 4152; x_wconf 90' lang='lat' dir='ltr'><strong>lama</strong></span> <span class='ocrx_word' id='word_1_424' title='bbox 1570 4104 1599 4152; x_wconf 91' lang='lat' dir='ltr'><strong>et</strong></span> <span class='ocrx_word' id='word_1_425' title='bbox 1615 4095 1752 4151; x_wconf 74' lang='lat' dir='ltr'><strong>existima·</strong></span> 
     </span>
     <span class='ocr_line' id='line_1_40' title="bbox 457 4179 1751 4240; baseline -0.001 -2"><span class='ocrx_word' id='word_1_426' title='bbox 457 4182 541 4239; x_wconf 82' lang='lat' dir='ltr'><strong>tionis&#39;</strong></span> <span class='ocrx_word' id='word_1_427' title='bbox 564 4183 665 4237; x_wconf 87' lang='lat' dir='ltr'><strong>iactura</strong></span> <span class='ocrx_word' id='word_1_428' title='bbox 691 4180 829 4236; x_wconf 90' lang='lat' dir='ltr'><strong>solicitum</strong></span> <span class='ocrx_word' id='word_1_429' title='bbox 851 4188 907 4240; x_wconf 83' lang='lat' dir='ltr'><strong>est.</strong></span> <span class='ocrx_word' id='word_1_430' title='bbox 940 4180 987 4236; x_wconf 85' lang='lat' dir='ltr'><strong>sed</strong></span> <span class='ocrx_word' id='word_1_431' title='bbox 1014 4188 1042 4235; x_wconf 89' lang='lat' dir='ltr'><strong>et</strong></span> <span class='ocrx_word' id='word_1_432' title='bbox 1071 4179 1138 4236; x_wconf 88' lang='lat' dir='ltr'><strong>lucri</strong></span> <span class='ocrx_word' id='word_1_433' title='bbox 1165 4179 1300 4236; x_wconf 89' lang='lat' dir='ltr'><strong>delectum</strong></span> <span class='ocrx_word' id='word_1_434' title='bbox 1327 4197 1358 4236; x_wconf 89' lang='lat' dir='ltr'><strong>ae</strong></span> <span class='ocrx_word' id='word_1_435' title='bbox 1387 4189 1529 4237; x_wconf 87' lang='lat' dir='ltr'><strong>venturum</strong></span> <span class='ocrx_word' id='word_1_436' title='bbox 1556 4179 1751 4237; x_wconf 88' lang='lat' dir='ltr'><strong>detrimentum</strong></span> 
     </span>
     <span class='ocr_line' id='line_1_41' title="bbox 456 4263 1781 4343; baseline -0.003 -20"><span class='ocrx_word' id='word_1_437' title='bbox 456 4283 587 4343; x_wconf 87' lang='lat' dir='ltr'><strong>perquam</strong></span> <span class='ocrx_word' id='word_1_438' title='bbox 616 4265 747 4322; x_wconf 84' lang='lat' dir='ltr'><strong>callenter</strong></span> <span class='ocrx_word' id='word_1_439' title='bbox 772 4264 917 4339; x_wconf 88' lang='lat' dir='ltr'><strong>perpendit</strong></span> <span class='ocrx_word' id='word_1_440' title='bbox 945 4264 1087 4338; x_wconf 88' lang='lat' dir='ltr'><strong>timetque,</strong></span> <span class='ocrx_word' id='word_1_441' title='bbox 1119 4281 1153 4320; x_wconf 88' lang='lat' dir='ltr'><strong>ne</strong></span> <span class='ocrx_word' id='word_1_442' title='bbox 1181 4264 1301 4320; x_wconf 87' lang='lat' dir='ltr'><strong>detracta</strong></span> <span class='ocrx_word' id='word_1_443' title='bbox 1328 4263 1436 4321; x_wconf 92' lang='lat' dir='ltr'><strong>leonina</strong></span> <span class='ocrx_word' id='word_1_444' title='bbox 1459 4265 1531 4339; x_wconf 88' lang='lat' dir='ltr'><strong>pelle</strong></span> <span class='ocrx_word' id='word_1_445' title='bbox 1558 4282 1655 4321; x_wconf 87' lang='lat' dir='ltr'><strong>rursus</strong></span> <span class='ocrx_word' id='word_1_446' title='bbox 1682 4265 1781 4321; x_wconf 84' lang='lat' dir='ltr'><strong>anti-tt</strong></span> 
     </span>
     <span class='ocr_line' id='line_1_42' title="bbox 457 4348 1751 4429; baseline -0.002 -21"><span class='ocrx_word' id='word_1_447' title='bbox 457 4370 541 4429; x_wconf 91' lang='lat' dir='ltr'><strong>quum</strong></span> <span class='ocrx_word' id='word_1_448' title='bbox 570 4351 646 4417; x_wconf 85' lang='lat' dir='ltr'><strong>illum</strong></span> <span class='ocrx_word' id='word_1_449' title='bbox 676 4352 782 4406; x_wconf 88' lang='lat' dir='ltr'><strong>asinum</strong></span> <span class='ocrx_word' id='word_1_450' title='bbox 812 4349 956 4405; x_wconf 85' lang='lat' dir='ltr'><strong>ostendero</strong></span> <span class='ocrx_word' id='word_1_451' title='bbox 981 4358 1010 4405; x_wconf 89' lang='lat' dir='ltr'><strong>et</strong></span> <span class='ocrx_word' id='word_1_452' title='bbox 1031 4358 1132 4424; x_wconf 80' lang='lat' dir='ltr'><strong>praeter</strong></span> <span class='ocrx_word' id='word_1_453' title='bbox 1153 4349 1211 4405; x_wconf 88' lang='lat' dir='ltr'><strong>dira</strong></span> <span class='ocrx_word' id='word_1_454' title='bbox 1233 4348 1343 4405; x_wconf 89' lang='lat' dir='ltr'><strong>verbera</strong></span> <span class='ocrx_word' id='word_1_455' title='bbox 1365 4348 1472 4406; x_wconf 88' lang='lat' dir='ltr'><strong>labores</strong></span> <span class='ocrx_word' id='word_1_456' title='bbox 1495 4349 1658 4410; x_wconf 88' lang='lat' dir='ltr'><strong>immensos,</strong></span> <span class='ocrx_word' id='word_1_457' title='bbox 1688 4350 1751 4406; x_wconf 87' lang='lat' dir='ltr'><strong>iam·</strong></span> 
     </span>
     <span class='ocr_line' id='line_1_43' title="bbox 455 4430 1749 4515; baseline -0.005 -21"><span class='ocrx_word' id='word_1_458' title='bbox 455 4439 560 4515; x_wconf 91' lang='lat' dir='ltr'><strong>pridem</strong></span> <span class='ocrx_word' id='word_1_459' title='bbox 579 4437 690 4493; x_wconf 87' lang='lat' dir='ltr'><strong>desueta</strong></span> <span class='ocrx_word' id='word_1_460' title='bbox 714 4452 810 4497; x_wconf 84' lang='lat' dir='ltr'><strong>onera,</strong></span> <span class='ocrx_word' id='word_1_461' title='bbox 834 4434 932 4491; x_wconf 90' lang='lat' dir='ltr'><strong>iterum</strong></span> <span class='ocrx_word' id='word_1_462' title='bbox 956 4434 1027 4490; x_wconf 86' lang='lat' dir='ltr'><strong>lerre</strong></span> <span class='ocrx_word' id='word_1_463' title='bbox 1049 4442 1173 4508; x_wconf 80' lang='lat' dir='ltr'><strong>cogatur.</strong></span> <span class='ocrx_word' id='word_1_464' title='bbox 1207 4434 1293 4506; x_wconf 82' lang='lat' dir='ltr'><strong>Igitur</strong></span> <span class='ocrx_word' id='word_1_465' title='bbox 1314 4443 1440 4507; x_wconf 83' lang='lat' dir='ltr'><strong>proterva</strong></span> <span class='ocrx_word' id='word_1_466' title='bbox 1455 4442 1483 4489; x_wconf 95' lang='lat' dir='ltr'><strong>et</strong></span> <span class='ocrx_word' id='word_1_467' title='bbox 1498 4434 1642 4490; x_wconf 89' lang='lat' dir='ltr'><strong>temeraria</strong></span> <span class='ocrx_word' id='word_1_468' title='bbox 1663 4430 1749 4490; x_wconf 81' lang='lat' dir='ltr'><strong>bestie</strong></span> 
     </span>
     <span class='ocr_line' id='line_1_44' title="bbox 455 4518 1750 4593; baseline -0.006 -13"><span class='ocrx_word' id='word_1_469' title='bbox 455 4524 639 4580; x_wconf 90' lang='lat' dir='ltr'><strong>conditionem</strong></span> <span class='ocrx_word' id='word_1_470' title='bbox 667 4539 742 4578; x_wconf 89' lang='lat' dir='ltr'><strong>suam</strong></span> <span class='ocrx_word' id='word_1_471' title='bbox 767 4528 820 4576; x_wconf 91' lang='lat' dir='ltr'><strong>tam</strong></span> <span class='ocrx_word' id='word_1_472' title='bbox 849 4519 974 4575; x_wconf 90' lang='lat' dir='ltr'><strong>miseram</strong></span> <span class='ocrx_word' id='word_1_473' title='bbox 1000 4519 1144 4593; x_wconf 87' lang='lat' dir='ltr'><strong>deplorare</strong></span> <span class='ocrx_word' id='word_1_474' title='bbox 1168 4537 1198 4575; x_wconf 90' lang='lat' dir='ltr'><strong>ae</strong></span> <span class='ocrx_word' id='word_1_475' title='bbox 1220 4519 1339 4575; x_wconf 81' lang='lat' dir='ltr'><strong>lortunre</strong></span> <span class='ocrx_word' id='word_1_476' title='bbox 1360 4518 1532 4592; x_wconf 88' lang='lat' dir='ltr'><strong>iniquitatem</strong></span> <span class='ocrx_word' id='word_1_477' title='bbox 1553 4518 1676 4574; x_wconf 81' lang='lat' dir='ltr'><strong>execrari</strong></span> <span class='ocrx_word' id='word_1_478' title='bbox 1697 4535 1750 4573; x_wconf 90' lang='lat' dir='ltr'><strong>nou</strong></span> 
     </span>
     <span class='ocr_line' id='line_1_45' title="bbox 455 4602 1750 4678; baseline -0.006 -13"><span class='ocrx_word' id='word_1_479' title='bbox 455 4610 570 4665; x_wconf 87' lang='lat' dir='ltr'><strong>desinat.</strong></span> <span class='ocrx_word' id='word_1_480' title='bbox 600 4608 654 4663; x_wconf 90' lang='lat' dir='ltr'><strong>Nos</strong></span> <span class='ocrx_word' id='word_1_481' title='bbox 676 4623 756 4667; x_wconf 85' lang='lat' dir='ltr'><strong>vero,</strong></span> <span class='ocrx_word' id='word_1_482' title='bbox 776 4605 938 4678; x_wconf 73' lang='lat' dir='ltr'><strong>llieronyme</strong></span> <span class='ocrx_word' id='word_1_483' title='bbox 960 4603 1200 4678; x_wconf 75' lang='lat' dir='ltr'><strong>prestantissime.</strong></span> <span class='ocrx_word' id='word_1_484' title='bbox 1224 4603 1337 4660; x_wconf 88' lang='lat' dir='ltr'><strong>salutari</strong></span> <span class='ocrx_word' id='word_1_485' title='bbox 1359 4603 1459 4659; x_wconf 88' lang='lat' dir='ltr'><strong>annulo</strong></span> <span class='ocrx_word' id='word_1_486' title='bbox 1480 4602 1578 4658; x_wconf 88' lang='lat' dir='ltr'><strong>muniti</strong></span> <span class='ocrx_word' id='word_1_487' title='bbox 1598 4603 1750 4676; x_wconf 60' lang='lat' dir='ltr'><strong>sicophan-</strong></span> 
     </span>
     <span class='ocr_line' id='line_1_46' title="bbox 457 4686 1780 4765; baseline -0.008 -16"><span class='ocrx_word' id='word_1_488' title='bbox 457 4702 548 4749; x_wconf 91' lang='lat' dir='ltr'><strong>tornm</strong></span> <span class='ocrx_word' id='word_1_489' title='bbox 570 4710 677 4749; x_wconf 90' lang='lat' dir='ltr'><strong>morsus</strong></span> <span class='ocrx_word' id='word_1_490' title='bbox 699 4700 727 4748; x_wconf 91' lang='lat' dir='ltr'><strong>et</strong></span> <span class='ocrx_word' id='word_1_491' title='bbox 749 4689 872 4765; x_wconf 81' lang='lat' dir='ltr'><strong>improba</strong></span> <span class='ocrx_word' id='word_1_492' title='bbox 894 4688 1049 4744; x_wconf 88' lang='lat' dir='ltr'><strong>rabularum</strong></span> <span class='ocrx_word' id='word_1_493' title='bbox 1073 4688 1191 4744; x_wconf 88' lang='lat' dir='ltr'><strong>convicia</strong></span> <span class='ocrx_word' id='word_1_494' title='bbox 1214 4706 1268 4744; x_wconf 94' lang='lat' dir='ltr'><strong>non</strong></span> <span class='ocrx_word' id='word_1_495' title='bbox 1291 4686 1380 4744; x_wconf 88' lang='lat' dir='ltr'><strong>solum</strong></span> <span class='ocrx_word' id='word_1_496' title='bbox 1402 4687 1518 4760; x_wconf 80' lang='lat' dir='ltr'><strong>benigne</strong></span> <span class='ocrx_word' id='word_1_497' title='bbox 1542 4687 1677 4748; x_wconf 83' lang='lat' dir='ltr'><strong>seramus.</strong></span> <span class='ocrx_word' id='word_1_498' title='bbox 1703 4686 1780 4742; x_wconf 75' lang='lat' dir='ltr'><strong>sade</strong></span> 
     </span>
     <span class='ocr_line' id='line_1_47' title="bbox 455 4770 1750 4846; baseline -0.006 -13"><span class='ocrx_word' id='word_1_499' title='bbox 455 4787 484 4834; x_wconf 89' lang='lat' dir='ltr'><strong>et</strong></span> <span class='ocrx_word' id='word_1_500' title='bbox 505 4778 728 4836; x_wconf 81' lang='lat' dir='ltr'><strong>ilorcilaeiamus,</strong></span> <span class='ocrx_word' id='word_1_501' title='bbox 758 4783 963 4832; x_wconf 88' lang='lat' dir='ltr'><strong>contemnamus</strong></span> <span class='ocrx_word' id='word_1_502' title='bbox 984 4782 1012 4829; x_wconf 89' lang='lat' dir='ltr'><strong>et</strong></span> <span class='ocrx_word' id='word_1_503' title='bbox 1034 4773 1208 4835; x_wconf 80' lang='lat' dir='ltr'><strong>irrideamus:</strong></span> <span class='ocrx_word' id='word_1_504' title='bbox 1239 4773 1305 4846; x_wconf 91' lang='lat' dir='ltr'><strong>quin</strong></span> <span class='ocrx_word' id='word_1_505' title='bbox 1327 4772 1420 4846; x_wconf 88' lang='lat' dir='ltr'><strong>potius</strong></span> <span class='ocrx_word' id='word_1_506' title='bbox 1439 4771 1591 4828; x_wconf 79' lang='lat' dir='ltr'><strong>exultemus</strong></span> <span class='ocrx_word' id='word_1_507' title='bbox 1616 4770 1750 4845; x_wconf 87' lang='lat' dir='ltr'><strong>nobisque</strong></span> 
     </span>
     <span class='ocr_line' id='line_1_48' title="bbox 455 4855 1749 4937; baseline -0.006 -19"><span class='ocrx_word' id='word_1_508' title='bbox 455 4862 665 4937; x_wconf 87' lang='lat' dir='ltr'><strong>applaudamus,</strong></span> <span class='ocrx_word' id='word_1_509' title='bbox 688 4861 760 4936; x_wconf 92' lang='lat' dir='ltr'><strong>quod</strong></span> <span class='ocrx_word' id='word_1_510' title='bbox 783 4860 810 4915; x_wconf 94' lang='lat' dir='ltr'><strong>iu</strong></span> <span class='ocrx_word' id='word_1_511' title='bbox 833 4859 914 4920; x_wconf 82' lang='lat' dir='ltr'><strong>liano.</strong></span> <span class='ocrx_word' id='word_1_512' title='bbox 938 4857 1028 4914; x_wconf 85' lang='lat' dir='ltr'><strong>saltim</strong></span> <span class='ocrx_word' id='word_1_513' title='bbox 1051 4858 1103 4914; x_wconf 79' lang='lat' dir='ltr'><strong>lroc</strong></span> <span class='ocrx_word' id='word_1_514' title='bbox 1125 4858 1234 4913; x_wconf 79' lang='lat' dir='ltr'><strong>aternius</strong></span> <span class='ocrx_word' id='word_1_515' title='bbox 1257 4855 1375 4913; x_wconf 74' lang='lat' dir='ltr'><strong>leelieent</strong></span> <span class='ocrx_word' id='word_1_516' title='bbox 1393 4856 1535 4913; x_wconf 86' lang='lat' dir='ltr'><strong>incidimus</strong></span> <span class='ocrx_word' id='word_1_517' title='bbox 1551 4863 1674 4919; x_wconf 82' lang='lat' dir='ltr'><strong>aetatem,</strong></span> <span class='ocrx_word' id='word_1_518' title='bbox 1699 4871 1749 4929; x_wconf 85' lang='lat' dir='ltr'><strong>qua</strong></span> 
     </span>
    </p>
   </div>
   <div class='ocr_carea' id='block_1_3' title="bbox 443 5003 1751 5177">
    <p class='ocr_par' dir='ltr' id='par_1_3' title="bbox 443 5003 1751 5177">
     <span class='ocr_line' id='line_1_49' title="bbox 443 5003 1751 5094; baseline -0.005 -18"><span class='ocrx_word' id='word_1_519' title='bbox 443 5088 445 5094; x_wconf 31' lang='grc' dir='ltr'>Ι</span> <span class='ocrx_word' id='word_1_520' title='bbox 524 5025 554 5058; x_wconf 63' lang='grc' dir='ltr'><strong><em>Μ</em></strong></span> <span class='ocrx_word' id='word_1_521' title='bbox 572 5027 745 5092; x_wconf 80' lang='lat' dir='ltr'><strong>„Cupnionis</strong></span> <span class='ocrx_word' id='word_1_522' title='bbox 762 5040 870 5075; x_wconf 80' lang='lat' dir='ltr'><strong>seerttm</strong></span> <span class='ocrx_word' id='word_1_523' title='bbox 890 5028 1000 5089; x_wconf 82' lang='lat' dir='ltr'><strong>eaput&#39;&#39;.</strong></span> <span class='ocrx_word' id='word_1_524' title='bbox 1020 5026 1045 5073; x_wconf 85' lang='lat' dir='ltr'><strong>in</strong></span> <span class='ocrx_word' id='word_1_525' title='bbox 1062 5039 1141 5088; x_wconf 77' lang='lat' dir='ltr'><strong>arorp.</strong></span> <span class='ocrx_word' id='word_1_526' title='bbox 1201 5012 1258 5088; x_wconf 67' lang='grc' dir='ltr'><strong>’θὴ</strong></span> <span class='ocrx_word' id='word_1_527' title='bbox 1282 5014 1337 5089; x_wconf 73' lang='grc' dir='ltr'><strong>γὰρ</strong></span> <span class='ocrx_word' id='word_1_528' title='bbox 1354 5018 1425 5088; x_wconf 64' lang='lat' dir='ltr'><strong>aad]</strong></span> <span class='ocrx_word' id='word_1_529' title='bbox 1444 5003 1506 5085; x_wconf 68' lang='lat' dir='ltr'><strong>„Ex</strong></span> <span class='ocrx_word' id='word_1_530' title='bbox 1523 5019 1694 5071; x_wconf 79' lang='lat' dir='ltr'><strong>Arlalotele⁸&#39;</strong></span> <span class='ocrx_word' id='word_1_531' title='bbox 1717 5019 1751 5069; x_wconf 82' lang='lat' dir='ltr'><strong>ad</strong></span> 
     </span>
     <span class='ocr_line' id='line_1_50' title="bbox 455 5107 1190 5177; baseline -0.004 -17"><span class='ocrx_word' id='word_1_532' title='bbox 455 5127 536 5177; x_wconf 74' lang='lat' dir='ltr'><strong>uterq.</strong></span> <span class='ocrx_word' id='word_1_533' title='bbox 560 5110 604 5162; x_wconf 81' lang='lat' dir='ltr'><strong>CI.</strong></span> <span class='ocrx_word' id='word_1_534' title='bbox 618 5110 689 5163; x_wconf 87' lang='lat' dir='ltr'><strong>Gell.</strong></span> <span class='ocrx_word' id='word_1_535' title='bbox 702 5112 735 5160; x_wconf 91' lang='lat' dir='ltr'><strong>N.</strong></span> <span class='ocrx_word' id='word_1_536' title='bbox 749 5110 781 5160; x_wconf 77' lang='lat' dir='ltr'><strong>A.</strong></span> <span class='ocrx_word' id='word_1_537' title='bbox 794 5110 867 5159; x_wconf 83' lang='lat' dir='ltr'>XVI.</span> <span class='ocrx_word' id='word_1_538' title='bbox 879 5107 941 5171; x_wconf 64' lang='lat' dir='ltr'><strong>uu.</strong></span> <span class='ocrx_word' id='word_1_539' title='bbox 987 5107 1010 5141; x_wconf 80' lang='lat'><strong>³⁸</strong></span> <span class='ocrx_word' id='word_1_540' title='bbox 1029 5109 1153 5175; x_wconf 82' lang='lat' dir='ltr'><strong>ephoebis</strong></span> <span class='ocrx_word' id='word_1_541' title='bbox 1165 5108 1190 5157; x_wconf 81' lang='grc'><strong>1.</strong></span> 
     </span>
    </p>
   </div>
   <div class='ocr_carea' id='block_1_4' title="bbox 0 0 2038 6209">
    <p class='ocr_par' dir='ltr' id='par_1_4' title="bbox 0 0 2038 6209">
     <span class='ocr_line' id='line_1_51' title="bbox 0 0 2038 6209; baseline 0 0"><span class='ocrx_word' id='word_1_542' title='bbox 0 0 2038 6209; x_wconf 95' lang='lat' dir='ltr'><strong> </strong></span> 
     </span>
    </p>
   </div>
  </div>
 </body>
</html>
