4067 6209
498 803 582 856 CCII.
602 802 725 854 nvrrsar
739 816 776 853 so
789 816 937 855 aaaaruvu
950 819 1080 857 svesana
1093 820 1136 857 se.
1151 820 1177 858 a.
1190 812 1304 863 rasator.
1319 811 1376 856 taso.
1509 784 1583 857 427

303 1091 495 1127 cananaeam.
876 1058 992 1135 CCII.
1380 1087 1414 1127 aa.
1429 1094 1493 1131 soc.
1508 1086 1567 1129 raso.

568 1229 738 1291 Mantttto
761 1230 909 1292 BVCERO
933 1231 1014 1293 vlu.
1040 1232 1149 1293 llVTT.
1174 1232 1301 1293 satvr.

373 1368 458 1440 erod
481 1385 577 1445 neque
600 1366 697 1427 adbuc
719 1368 823 1444 scripsi
846 1368 882 1427 ad
905 1375 932 1427 te
956 1386 1051 1447 neque
1079 1370 1143 1429 misi
1172 1372 1345 1448 quicquam,
1374 1370 1404 1429 in
1428 1387 1515 1429 causa
1538 1376 1637 1430 ests-¹·

288 1469 367 1550 qrrod
395 1487 455 1528 non
484 1468 574 1529 balani
602 1470 649 1528 cni
677 1474 758 1528 recte
787 1472 1016 1539 committerem,
1052 1489 1121 1530 nam
1149 1471 1227 1531 band
1256 1472 1326 1531 dnm
1353 1470 1472 1531 Colonia
1500 1471 1585 1532 rediit

268 1590 365 1651 aptarer
388 1570 535 1632 librarius.
557 1570 659 1658 'desit
680 1569 807 1630 Coloniae
830 1590 947 1650 qnoque
969 1572 1126 1632 lutherus.
1171 1573 1250 1649 Ergo
1273 1572 1325 1632 ibit
1347 1574 1376 1633 in
1399 1574 1495 1649 ignem
1518 1590 1584 1632 san-

289 1682 394 1752 ctaque
421 1672 563 1750 veriloqui
592 1673 735 1731 morietur
766 1673 847 1732 ttusa
877 1673 1007 1733 Lntlreri.
1054 1674 1129 1734 Sunt
1156 1676 1206 1752 qui
1234 1680 1363 1734 ruentem
1392 1673 1585 1734 adolescentis
1595 1676 1640 1727 ιλ·

291 1775 432 1853 principis
455 1775 599 1834 invertant
622 1775 682 1833 suis
705 1773 845 1834 maleficis
868 1777 1035 1852 prestigiis
1060 1793 1134 1853 quos
1149 1776 1325 1842 Franciscus
1345 1775 1504 1837 arbitratur
1526 1794 1586 1836 non

290 1876 338 1934 din
363 1874 516 1934 valituros:
551 1893 619 1950 nam
642 1877 718 1934 inter
742 1874 878 1936 Carolnm
902 1885 931 1935 et
953 1877 1083 1936 leonem
1111 1895 1170 1936 non
1200 1884 1310 1937 arctam
1339 1879 1402 1938 lore
1430 1879 1587 1938 amicitiam

290 1995 392 2036 ornares
414 1976 610 2037 arbitrantur:
644 1976 860 2055 adversumque
882 1978 952 2037 nibil
975 1981 1070 2056 potuit
1092 1981 1265 2057 impetrare;
1300 1981 1368 2059 quio
1391 1981 1478 2040 etiarn
1494 1980 1586 2039 Fran·

255 2082 368 2138 rociaco
392 2080 460 2157 ipsi,
491 2081 540 2157 qui
562 2097 642 2138 urrnc
664 2078 754 2156 pcdlet
776 2080 854 2159 apud
877 2097 994 2156 regem,
1023 2083 1085 2159 ipse
1114 2099 1166 2140 rex
1195 2081 1341 2160 pollicitus
1368 2088 1412 2142 est
1438 2100 1497 2141 non
1520 2099 1585 2159 pas·

290 2199 393 2241 surum
421 2199 453 2239 se
482 2180 643 2240 inauditum
671 2198 718 2239 me
745 2181 893 2257 incognite
923 2200 1010 2242 cansa
1034 2182 1078 2242 rel
1106 2184 1229 2243 indicari
1251 2182 1297 2243 rel
1319 2184 1454 2262 opprimi.
1501 2182 1641 2253 Oboda-³.

291 2282 375 2361 (patale
398 2282 435 2341 sit
457 2280 588 2341 brtrrrnm
610 2281 783 2342 ridebimus
830 2285 964 2360 proximo
988 2292 1135 2344 conventu
1161 2287 1210 2364 qni
1233 2284 1411 2345 Vormatiam
1439 2284 1586 2353 indicitur,

291 2386 480 2461 experiemur
508 2382 601 2461 qualis
630 2384 753 2463 quisquc
782 2391 811 2444 et
833 2405 920 2465 qnam
943 2393 1062 2446 tueatur
1083 2388 1272 2446 sententiam:
1307 2403 1375 2446 nam
1399 2394 1469 2446 tnnc
1491 2404 1587 2446 emer·

217 2553 220 2557 ,
291 2493 361 2562 gent
383 2504 458 2564 qrros
480 2485 657 2546 Franciseus
679 2485 840 2547 arbitratur
863 2507 927 2548 esse
950 2487 1119 2565 complures
1134 2491 1184 2566 qni
1204 2507 1259 2547 nos
1274 2490 1393 2548 vincere
1407 2486 1510 2555 velint,
1534 2487 1585 2547 ali-

257 2602 281 2642 1⁵
292 2607 367 2666 epiros
389 2590 439 2666 qui
461 2594 490 2646 ει
511 2588 565 2664 ipsi
587 2588 682 2665 parati
703 2589 762 2647 sint
782 2606 926 2666 pugnare.
971 2589 1176 2650 Fercbnandns
1197 2591 1303 2650 dicitnr
1324 2590 1449 2650 dustria
1475 2606 1529 2649 rex
1557 2595 1643 2648 etse

292 2708 413 2750 errorem
437 2679 525 2750 ducet
548 2690 695 2764 Ungararn
717 2689 845 2769 puellam
868 2693 943 2767 regii
965 2693 1093 2767 gerreris.
1135 2692 1200 2770 lpse
1216 2691 1338 2751 Carolus
1360 2691 1494 2770 proximo
1516 2708 1586 2751 vere
1630 2720 1633 2726 ·

291 2798 456 2851 revertetur
477 2792 506 2849 in
529 2791 692 2868 Hispaniae.
737 2791 779 2852 De
802 2792 885 2854 Gallo
908 2800 937 2852 et
957 2794 1096 2854 Helvetiis
1123 2795 1232 2853 mirum
1259 2800 1304 2853 est
1324 2792 1481 2854 silentium.
1525 2790 1643 2851 tta-ss.

292 2895 369 2953 xinro
392 2911 459 2952 cum
483 2892 585 2953 dolore
607 2892 804 2970 plurimorum
827 2896 923 2955 onrois
945 2898 1063 2974 generis
1086 2904 1115 2956 ει
1137 2896 1248 2956 ordinis
1276 2895 1428 2956 bominum
1451 2880 1589 2956 arserunt

293 2994 421 3054 Coloniae
437 2994 632 3062 Lntlreriana,
655 3002 767 3056 tantam
791 2996 963 3057 sacriticnlis
979 2997 1153 3076 quibusdum
1177 2999 1275 3058 arrisit
1296 2999 1456 3073 negotium.
1494 3000 1588 3061 dudio

257 3099 331 3157 aoita
360 3098 549 3173 pertinaciter
578 3096 676 3156 lavere
699 3097 829 3157 Lutlrero
858 3118 894 3158 ex
917 3096 1066 3158 nobilibus
1088 3100 1246 3177 quosdam,
1276 3106 1308 3157 ιιι
1330 3098 1506 3161 Franclscus
1528 3106 1588 3163 exi·

292 3202 389 3259 stimet
411 3199 446 3258 ad
470 3198 644 3257 seditionem
667 3200 772 3258 eximie
794 3198 991 3276 periculosam
1013 3216 1220 3277 processuram
1238 3218 1301 3259 rem
1318 3218 1397 3270 esse,
1421 3203 1444 3261 si
1460 3201 1588 3263 Coloniae

292 3302 388 3360 adbuc
422 3299 524 3359 luisset
552 3298 742 3359 Fridcrielrus
769 3300 862 3358 Saxo:
901 3318 968 3359 narn
1003 3299 1090 3377 paulo
1124 3307 1190 3359 arde
1223 3300 1344 3361 abierat.
1389 3301 1641 3382 exponemuset.

292 3403 448 3478 lloguntiee
477 3402 547 3480 quid
575 3402 639 3469 bat,
677 3420 746 3461 tram
775 3406 803 3460 et
832 3400 871 3459 ibi
900 3400 1055 3461 tentabunt
1087 3402 1255 3462 adversarii.
1300 3403 1463 3464 Lutbernm
1491 3405 1586 3467 audivi

283 3488 378 3563 'bodie
407 3504 506 3563 nescio
535 3503 604 3581 qtrid
634 3504 780 3570 emisisse,
811 3520 869 3580 qno
898 3502 1027 3562 beorrem
1050 3502 1085 3562 X.
1114 3506 1349 3565 excommunicet
1376 3513 1406 3565 et
1432 3506 1586 3567 attatlrema

258 3605 388 3664 retaciat.
441 3605 571 3681 Capnion
605 3603 773 3683 appellarit,
812 3623 898 3682 quem
932 3603 1108 3665 Francisens
1142 3605 1272 3667 tuebitur
1308 3608 1403 3668 modis
1439 3608 1642 3670 emaduisse.

258 3740 264 3749 ·
291 3707 499 3781 llogostratmn
528 3713 662 3767 ovantem
691 3706 824 3781 legimus.
875 3704 958 3766 Bulla
988 3707 1105 3784 expedit
1132 3726 1163 3767 sc
1193 3715 1222 3768 et
1249 3711 1377 3769 exerevit
1401 3711 1471 3770 milri
1494 3712 1587 3788 inopi·

291 3810 371 3868 nanti
394 3810 423 3868 in
445 3807 577 3883 longum.
623 3808 734 3867 Sinon
762 3809 863 3868 misisti
887 3808 1064 3868 Vormatiam
1093 3808 1184 3869 libros
1213 3809 1379 3886 colligatos,
1408 3813 1489 3870 mitte
1518 3818 1644 3889 pro-§.8-

291 3927 372 3987 pere.
418 3909 469 3968 ibit
492 3909 527 3968 ad
551 3915 596 3976 te‚·
625 3911 841 3987 quamprimum
868 3927 1006 3969 reversus
1029 3909 1131 3978 luerit,
1161 3928 1236 3989 pner
1264 3899 1436 3990 bibliopola,
1461 3920 1489 3973 et
1511 3914 1587 3975 lo'rte

292 4010 364 4070 alios
393 4011 506 4070 adimet
533 4011 632 4071 itidem
660 4011 908 4089 compingerem,
941 4011 992 4071 ubi
1021 4030 1092 4071 cnra
1126 4018 1158 4072 ut
1186 4012 1371 4073 nitidinseule
1399 4014 1589 4092 adparentur.

258 4111 398 4171 aobibros
421 4111 456 4171 da
480 4112 516 4171 ad
539 4112 701 4180 Tilonium;
736 4114 787 4173 sed
810 4115 921 4173 utinam
945 4115 1001 4200 iam
1025 4115 1157 4183 dederis,
1180 4130 1249 4174 nam
1271 4116 1355 4176 mitto
1376 4135 1456 4176 rrunc
1478 4118 1542 4196 qrri,
1566 4119 1592 4179 si

292 4313 374 4364 CCII.
401 4314 411 4362 l
432 4334 467 4358 =
478 4315 601 4364 Riibrieh
620 4315 690 4374 (tud.
705 4315 773 4366 bibl.
787 4333 813 4366 n.
826 4315 881 4380 85.)
899 4336 924 4383 p.
938 4316 1079 4367 020...osa.
1093 4333 1160 4367 n.11.
1175 4333 1207 4367 ax
1221 4319 1317 4370 arebio
1330 4319 1398 4371 ecel.
1412 4320 1589 4383 Argentorat.

358 4451 503 4500 ¹Rectius
523 4468 604 4516 quam
623 4453 773 4519 Siekingus
791 4455 977 4510 Lutherus,in
995 4470 1078 4520 praee.
1094 4456 1174 4518 epist.
1189 4461 1341 4520 auguratus
1360 4461 1411 4506 est.
1475 4453 1590 4521 ¹·imps·

293 4533 397 4600 trarell
417 4538 562 4601 impetrari
621 4537 641 4568 ¹⁰
661 4536 763 4602 regem]
784 4537 912 4587 Carolnm
931 4539 963 4587 V.
1024 4537 1042 4569 ¹¹
1063 4537 1167 4604 inam]
1188 4539 1249 4588 sine
1269 4554 1362 4590 eausoe
1382 4541 1552 4604 cognitione,
1572 4542 1589 4589 i.

293 4637 318 4669 o.
338 4621 365 4669 in
384 4621 489 4670 iudicio
507 4638 561 4671 non
581 4624 705 4672 canditum
725 4623 963 4686 indefensamque.
1035 4620 1056 4654 ¹⁵
1075 4620 1206 4687 diciturl‘l
1224 4624 1333 4673 dicetur
1412 4621 1434 4654 ¹¹
1454 4622 1588 4689 emisisse]

292 4704 404 4753 libellus
425 4705 572 4755 ‘Adversus
592 4706 778 4775 execrabilem
796 4705 964 4755 Antichristi
982 4705 1105 4769 bullam,
1125 4708 1238 4757 ineunte
1251 4709 1333 4770 Nom,
1355 4708 1522 4758 Germanice
1535 4707 1590 4761 dbiss

293 4789 333 4840 bet
352 4788 390 4840 bic
403 4789 498 4842 dittsscu
517 4790 560 4843 bes
573 4791 726 4854 &littorius
745 4796 863 4840 exeunte
882 4790 941 4840 eod.
961 4807 1056 4841 menso
1075 4791 1233 4856 publicatus
1247 4798 1297 4842 est.
1350 4792 1372 4824 ¹¹
1390 4795 1520 4859 Hogostr.
1534 4790 1588 4858 om]

292 4873 382 4921 Huius
406 4874 526 4938 dialogi,
557 4875 603 4939 qui
625 4876 838 4930 Huttenieorum
867 4874 1024 4924 simillimus
1048 4860 1229 4926 Barekbardo
1257 4879 1333 4926 visus
1358 4883 1415 4939 est,
1439 4877 1487 4927 sed
1511 4879 1590 4927 euius

294 4963 392 5005 auctor
410 4960 548 5020 nescitur,
569 4960 648 5024 plura
667 4961 762 5008 eodem
783 4960 841 5008 lere
860 4965 984 5023 tempore
1002 4960 1149 5025 publicata
1167 4966 1231 5009 sunt
1244 4962 1378 5026 exempla.
1410 4962 1453 5011 Cs.
1467 4962 1542 5011 infra
1555 4962 1591 5011 ad

295 5057 322 5090 ιι.
335 5056 441 5090 ccxxrr.
494 5042 585 5109 Bulla]
600 5045 703 5094 Leonis
717 5046 750 5093 X.
769 5050 867 5093 eontra
884 5045 1051 5106 botherum,
1070 5044 1106 5094 ab
1120 5046 1244 5095 Hutteno
1257 5046 1399 5095 adnotata.
1454 5045 1588 5112 excreuit]

295 5129 408 5177 exacuit
421 5130 445 5176 1.
481 5126 505 5160 ³⁰
521 5126 689 5194 Tiloninmlt
708 5129 840 5179 Fortasse
854 5128 1044 5180 Theobaldum
1057 5130 1172 5182 Fettieh
1189 5131 1326 5182 modicum
1344 5130 1416 5195 vult,
1436 5130 1471 5180 de
1490 5146 1544 5198 qao
1561 5133 1590 5186 ia
