4067 6209
539 761 624 811 XXX.
644 774 767 810 noem.
782 774 817 808 os
831 773 888 808 ma,
902 773 985 809 nvos.
998 773 1056 807 ouo.
1088 766 1121 807 13.
1134 772 1209 807 outo.
1222 772 1324 808 sunau.
1338 773 1375 807 no
1387 772 1413 807 Α.
1428 767 1487 810 1516.
1588 742 1656 814 101

406 936 544 1004 erlcennt,
567 938 621 992 das
642 936 695 990 der
718 952 770 991 uon
800 934 979 1004 Wirtenberq
1002 936 1051 989 mit
1073 934 1126 988 der
1150 932 1318 990 detlicben
1340 935 1489 1007 bandluup
1511 953 1549 990 an
1576 935 1660 992 Weil-

406 1024 478 1078 lond
498 1009 639 1077 Hannsen
663 1038 715 1075 eon
740 1021 849 1075 Hutten
871 1035 942 1073 sicne
964 1021 1015 1074 des
1035 1025 1200 1092 qenannten
1222 1020 1375 1091 Ladmiqen
1405 1038 1458 1076 nou
1482 1022 1592 1076 Hutlen
1614 1022 1659 1076 be·

408 1124 537 1181 qanqen,
559 1108 622 1162 und
643 1104 702 1178 aus
719 1106 786 1161 Scin
814 1105 1010 1176 Unqeborsam
1033 1104 1196 1160 ausbleiben
1219 1108 1264 1160 die
1288 1105 1388 1177 Straff
1409 1108 1470 1161 arrd
1490 1107 1610 1161 Pennen
1631 1107 1662 1161 iu

409 1208 499 1249 unser
519 1194 582 1248 und
601 1192 652 1247 des
675 1191 780 1247 Reicbs
803 1189 984 1262 landfrideu
1006 1190 1161 1262 beqriffen,
1191 1191 1369 1262 desqlcicben
1397 1193 1450 1246 der
1472 1193 1585 1246 andern
1608 1190 1661 1247 Sa·

344 1298 357 1336 s
409 1279 482 1336 eben
503 1278 570 1334 balb
593 1276 697 1332 Seiueu
721 1276 857 1332 Geniabel
877 1276 1015 1332 berilrent
1041 1277 1096 1331 den
1117 1274 1256 1347 Pennsall
1284 1278 1344 1331 urul
1367 1275 1494 1347 Straffe,
1528 1276 1605 1331 aucb
1631 1278 1662 1331 iu

408 1379 498 1420 unser
520 1365 580 1419 rand
601 1364 651 1417 des
673 1361 796 1434 beilipeu
817 1360 924 1416 Reicbs
947 1360 1014 1416 acbt
1036 1363 1097 1416 tend
1118 1361 1256 1417 abcracbt
1276 1361 1402 1436 qcsallen
1425 1378 1484 1433 seq.

451 1448 522 1517 Qua
542 1452 716 1519 sequuntur,
741 1445 840 1502 Ccesar
862 1447 922 1517 ipse
940 1449 1155 1516 pronuntiauit:

408 1535 543 1606 Ilarauff
564 1533 727 1599 erlennen,
762 1534 895 1587 ereliireu
926 1533 987 1588 und
1013 1531 1168 1588 urlandcn
1195 1534 1249 1587 nir
1275 1534 1330 1588 den
1356 1532 1515 1604 pedacbten
1544 1532 1662 1605 Herzoq

413 1621 548 1677 lltricbeu
571 1636 623 1675 nan
653 1618 834 1690 Wirtenberq
855 1618 885 1671 in
907 1619 963 1673 den
985 1620 1168 1689 anqezeiqten
1184 1617 1334 1690 Peunsabl
1355 1619 1416 1674 und
1436 1618 1568 1689 Straffe3-
1585 1619 1662 1674 aucb

331 1724 357 1765 m
408 1709 439 1762 iu
459 1721 549 1761 unser
571 1704 633 1760 und
652 1705 702 1759 des
725 1702 831 1759 Reicbs
853 1703 921 1758 acbt
941 1704 1003 1758 und
1023 1704 1169 1759 aberacbt.

450 1790 578 1847 Cusurei
593 1791 756 1861 proeconis,
780 1790 862 1859 uulqo
884 1789 935 1843 des
957 1788 1142 1844 Ebrcnbalds
1160 1790 1368 1861 proclamatio:

411 1877 517 1933 Unsers
539 1875 792 1947 atlerqniidiqisten
815 1873 932 1928 Herrns
954 1875 1004 1928 des
1027 1873 1200 1953 llbniiscbeu
1222 1876 1354 1946 b'aqsers
1368 1873 1539 1931 Ebrenbold
1558 1890 1660 1948 pepen-

406 1965 509 2033 nuirtiq
528 1960 606 2015 Tbue
621 1976 675 2014 aus
691 1958 812 2031 Beselcb
830 1958 931 2013 Sciner
946 1959 1157 2028 Kayserlicben
1173 1959 1315 2032 Majcstiit
1330 1961 1480 2032 meniqlicb
1497 1978 1531 2016 zu
1548 1963 1659 2028 missen,

406 2050 459 2104 das
482 2046 548 2102 Scin
564 2045 738 2116 Kaqscrlicb
753 2043 895 2115 Majestiit
917 2044 957 2114 us
967 2044 1084 2117 Herzoq
1104 2045 1218 2101 lllricbs
1241 2063 1292 2101 uon
1322 2045 1513 2117 Wicrtcuberq
1532 2046 1661 2103 Tiidtliob

331 2148 355 2186 to
406 2134 569 2203 bandlnnq,
603 2131 764 2185 ausblciben
794 2131 855 2184 und
881 2129 1072 2200 unqeborsam
1101 2132 1172 2186 iiber
1194 2146 1361 2203 ausqanqen
1383 2131 1505 2204 Ladunq
1532 2134 1593 2187 tend
1612 2147 1659 2204 qe·

406 2220 480 2275 botts
500 2214 619 2288 Briefe,
656 2217 806 2272 denselben
836 2231 888 2269 aon
919 2207 1111 2287 thrteubcrq
1138 2217 1200 2271 und
1226 2218 1281 2272 alle
1309 2218 1354 2271 die
1377 2233 1408 2272 so
1430 2217 1487 2271 ibin
1516 2216 1659 2289 binsilran

406 2304 559 2374 anianae,
587 2300 659 2371 bilff
675 2302 736 2355 iered
758 2301 909 2372 Brystand
934 2301 1087 2367 berueisen‚
1116 2302 1147 2356 in
1170 2301 1271 2357 Sciner
1293 2302 1496 2358 Kaiserlicbeu
1518 2302 1660 2374 Majestiit

406 2391 467 2445 und
488 2390 538 2445 des
552 2386 684 2458 Heiliqen
700 2385 807 2441 Reicbs
829 2386 897 2440 acbt
918 2387 979 2440 send
1000 2386 1138 2442 aberacbt
1159 2386 1262 2442 erlcent
1282 2387 1397 2443 crlcliirt
1419 2389 1480 2443 und
1500 2388 1661 2444 uerleitndet

405 2477 465 2532 bat.
510 2473 571 2528 llas
593 2472 641 2525 nil
661 2471 707 2526 icb
729 2472 790 2527 also
812 2470 909 2526 bientit
932 2488 984 2527 uon
1007 2472 1196 2544 ambtsmeqen
1219 2473 1367 2544 offeutlicb
1389 2474 1515 2545 beruefft
1532 2474 1593 2529 und
1606 2490 1659 2529 an·

326 2573 354 2614 no
406 2562 518 2635 qezniqt
538 2557 639 2612 baben.

449 2638 595 2700 Sententia
616 2642 677 2696 lata
697 2646 822 2712 paratus
844 2647 909 2696 crat
931 2641 1092 2697 ludovicus
1113 2643 1149 2698 ab
1172 2642 1282 2699 Huttcn
1304 2661 1369 2700 cum
1398 2647 1526 2716 equitatu
1556 2658 1658 2700 memo-

363 2736 428 2787 rato
448 2745 504 2800 pro
526 2743 556 2783 sc
581 2742 695 2798 proque
722 2728 828 2783 illustri
850 2725 957 2781 Sabina
986 2729 1156 2782 sententiam
1184 2732 1304 2800 exequi,
1339 2737 1368 2786 et
1395 2732 1484 2785 iritum
1511 2732 1555 2784 ire
1583 2746 1654 2786 com-

363 2831 463 2871 munes
485 2814 622 2869 iniuriosi
650 2812 703 2867 sed
721 2814 825 2868 iterum
845 2813 983 2883 precibus
1011 2829 1167 2869 occurrere
1194 2822 1282 2885 atque
1305 2817 1486 2872 intervenere
1511 2818 1660 2888 principes

363 2905 500 2958 insontem
520 2899 660 2970 populum
682 2899 818 2952 miserati.
863 2897 1130 2954 Reuerendissimus
1151 2902 1236 2955 ctiam
1259 2901 1389 2957 dominus
1409 2901 1564 2956 Mattbeeus
1578 2902 1660 2973 Lauq

330 2995 449 3059 npatre
471 2986 530 3040 cive
552 2984 720 3055 Auqustano
742 2989 829 3037 uatus
852 2983 1015 3038 Cardinalis
1039 2983 1067 3038 S.
1091 2984 1193 3055 Ariqeli
1214 2986 1371 3041 Gurzcnsis
1395 2988 1556 3056 Episcopus
1582 2986 1658 3042 Vlri-

363 3090 427 3128 cum
450 3072 550 3127 ducem
573 3070 658 3135 adiit,
681 3084 746 3140 quae
768 3069 945 3139 reparandae
962 3070 1035 3140 paci
1055 3072 1238 3126 accommodo
1261 3076 1369 3136 essent,
1392 3088 1457 3126 cum
1479 3072 1527 3126 illo
1549 3076 1658 3127 tracta-

363 3166 455 3213 turus.
504 3139 670 3224 Tempe'stas
696 3154 771 3208 enim
798 3155 847 3208 illa
876 3159 903 3208 et
930 3156 1101 3209 imminentis
1130 3155 1194 3209 belli
1221 3160 1295 3210 tetra
1323 3155 1424 3221 nubes,
1459 3172 1523 3225 quac
1547 3155 1659 3211 Saeuiee

364 3242 528 3298 minabatur
556 3240 691 3304 exitium,
725 3241 811 3310 quasi
830 3240 943 3294 salubri
963 3244 1045 3295 vento
1067 3242 1274 3310 interspirante
1295 3242 1389 3298 soluta
1411 3246 1453 3295 cst
1475 3246 1561 3310 atque
1575 3242 1657 3296 dissi-

362 3335 442 3400 pata.
487 3324 595 3392 Quibus
624 3340 690 3380 aero
723 3325 930 3380 conditionibus
953 3342 1022 3395 pax
1048 3327 1124 3381 iuter
1148 3333 1252 3397 portes
1283 3327 1460 3391 conuenerit,
1497 3342 1554 3380 non
1586 3328 1659 3380 sotis

328 3422 534 3485 socaqnosccre
558 3412 649 3481 potui.
695 3411 761 3465 libet
790 3415 884 3464 autem
907 3417 934 3465 ct
956 3410 1002 3465 bic
1018 3413 1161 3477 inserere,
1185 3414 1262 3484 quod
1274 3412 1304 3467 in
1319 3412 1361 3467 bis
1375 3416 1527 3466 sexcentos
1540 3412 1659 3482 equites,

362 3502 430 3556 dum
460 3497 674 3567 Wirtemberqce
696 3497 750 3549 imo
781 3496 972 3567 Wembdinqcc
995 3498 1095 3566 potius
1122 3498 1167 3551 rei
1192 3498 1305 3568 litisque
1331 3498 1433 3567 finem,
1467 3511 1531 3566 qua
1558 3512 1657 3551 coram

364 3584 478 3640 Cessare
494 3582 673 3648 vertebatur,
696 3582 905 3652 classicumque
920 3588 947 3635 ct
967 3581 1033 3636 belli
1046 3587 1139 3636 ortum
1150 3583 1410 3652 praestolarentur,
1425 3581 1544 3653 sinqulis
1558 3579 1659 3635 diebus

361 3671 494 3725 carnium
517 3673 642 3738 quatuor
663 3669 691 3720 et
713 3667 810 3721 tricies
831 3673 944 3721 centum
964 3666 1061 3735 pando
1083 3667 1335 3736 impendebantur,
1364 3683 1486 3738 quorum
1508 3665 1658 3720 aestimatio

363 3769 519 3810 aureorum
541 3752 751 3823 quadraqinta,
774 3755 801 3804 et
824 3752 882 3805 nini
902 3752 1098 3823 quadr-aqinta
1121 3756 1246 3821 quatuor
1268 3767 1351 3806 urncc
1372 3753 1401 3806 in
1424 3752 1589 3823 octuaqinta
1604 3766 1656 3804 au·

326 3848 442 3906 soreos,
473 3852 572 3893 aaenoe
594 3836 674 3891 sacci
695 3836 851 3906 nonaqinta
875 3837 918 3892 nel
938 3841 1050 3892 crutam
1073 3838 1101 3890 in
1125 3851 1231 3891 aureos
1253 3842 1297 3890 ter
1319 3837 1407 3892 denos
1435 3838 1596 3903 astimmae,
1629 3840 1658 3890 et

359 3939 453 3996 panes
469 3923 561 3994 pretii
580 3923 676 3976 decern
699 3926 726 3975 et
747 3927 853 3989 septem
877 3937 1041 3976 aureorum.
1089 3922 1169 3977 Titne
1190 3926 1284 3976 autem
1307 3923 1402 3976 amnia
1424 3923 1562 3984 mediocri
1581 3921 1657 3977 ueni·

361 4013 430 4066 baut
453 4009 558 4079 pretio.
604 4004 686 4073 Quod
719 4012 807 4060 totiun
837 4006 879 4060 sic
903 4007 1017 4076 placuit
1045 4008 1219 4074 meminisse,
1246 4013 1278 4062 ut
1300 4009 1432 4077 prudens
1457 4009 1577 4079 quisque
1604 4022 1656 4062 ex·

359 4096 482 4166 pendat,
505 4098 622 4163 quantas
640 4092 773 4161 pecuniae
796 4095 853 4145 tam
876 4093 931 4146 cito
952 4092 981 4145 in
997 4107 1047 4145 res
1061 4094 1177 4148 bellicas
1190 4091 1420 4164 profundantur.
1467 4092 1575 4161 Quibus
1588 4108 1657 4164 pro-

359 4179 437 4253 fusis
454 4194 521 4249 pac
544 4178 658 4232 tandem
680 4177 875 4246 componitur,
904 4192 991 4246 quam
1013 4180 1105 4233 satius
1125 4176 1228 4249 suerat
1249 4181 1399 4250 complecti
1419 4180 1534 4235 aerariis
1553 4178 1656 4250 plenis,

330 4266 461 4330 scurris,
485 4264 565 4333 apris
586 4262 770 4333 domibusque
792 4268 819 4316 et
841 4261 954 4317 borreis
976 4262 1073 4318 adbuc
1095 4265 1214 4336 inteqris
1236 4266 1321 4320 inccta
1343 4264 1483 4321 Marionis
1508 4264 1656 4320 cuiusdam

361 4355 441 4406 uetus
462 4349 577 4404 dictum.

410 4616 433 4648 ³⁰
443 4615 522 4665 conf.
536 4629 619 4679 supro
631 4614 842 4664 conventionem
854 4613 1045 4679 Augustanam
1054 4628 1076 4662 s.
1086 4611 1329 4662 Bloubeuronsoiu.
1341 4611 1415 4676 obi.
1423 4628 1490 4676 sqq..
1526 4607 1584 4641 Μ·
1595 4588 1656 4675 per-

360 4701 430 4750 fusis
443 4700 563 4750 Aventia.
611 4745 617 4764 ⁸
