4067 6209
327 777 385 829 XL.
392 792 508 831 asserir
517 793 555 829 ao
565 791 664 829 rusti.
673 792 716 828 rr.
723 794 749 827 n.
758 787 790 828 ta.
798 792 858 828 ocr.
871 776 944 828 XLI.
953 791 1094 827 osannam
1103 791 1140 825 ao
1150 791 1313 826 sumente.
1321 791 1348 825 n.
1357 784 1389 827 te.
1397 791 1458 828 ocr.
1466 783 1525 826 teta.
1555 760 1566 830 l
1577 761 1625 832 27

329 969 382 1008 nor
403 951 504 1008 lortius
527 953 718 1026 repugnando.
748 953 776 1009 in
799 969 840 1008 me
864 952 1038 1025 insurgentes
1069 951 1196 1025 inquiunt
1225 949 1263 1006 nil
1292 950 1351 1007 lore
1378 969 1408 1006 se
1431 950 1542 1008 Erasmo
1565 967 1626 1024 gra·

330 1038 400 1100 tius,
423 1045 481 1092 turn
504 1038 576 1111 quod
599 1039 698 1094 dudum
722 1039 752 1093 is·
767 1037 921 1093 strenuiora
944 1055 993 1093 sua
1014 1037 1086 1092 dieta
1109 1039 1293 1109 Argentorato
1316 1038 1475 1093 memoriter
1496 1037 1626 1107 recitate

331 1124 381 1184 rit,
411 1129 469 1177 tum
492 1124 564 1196 quod
589 1124 704 1178 istorum
733 1124 788 1178 sint
811 1121 927 1184 lamilia.
958 1140 1028 1197 quos
1051 1122 1134 1177 lloria
1158 1129 1211 1177 tam
1234 1122 1358 1194 gnaviter
1379 1123 1483 1195 pridem
1505 1121 1625 1177 celebra·

330 1208 407 1262 verit.
438 1208 487 1263 bac
514 1208 600 1263 victus
622 1209 788 1282 procacitate
810 1205 908 1280 reliqui
933 1206 990 1263 vela
1012 1208 1109 1263 ventis.
1133 1215 1260 1280 superest
1282 1215 1314 1262 ut
1335 1207 1447 1263 dieculas
1475 1204 1623 1281 hospitium

309 1309 386 1351 anon
407 1293 526 1365 deneges
549 1294 596 1355 iis.
621 1294 753 1367 questui
778 1301 830 1347 tam
853 1292 967 1365 cupidos
990 1286 1076 1347 luisse
1099 1292 1233 1366 agnoscis.
1258 1292 1343 1347 Tuum
1367 1293 1432 1353 erit.
1457 1299 1488 1346 ut
1512 1289 1625 1346 ridicula

331 1393 385 1432 non
409 1394 482 1450 aegre
505 1378 592 1439 feras,
616 1395 666 1433 nee
689 1395 817 1452 spernas:
841 1394 895 1433 non
919 1379 990 1432 enim
1013 1378 1074 1451 opis
1097 1386 1139 1433 est
1162 1379 1287 1431 Annsteae
1310 1377 1358 1432 tibi
1381 1377 1501 1434 omnium
1523 1375 1625 1431 doctis·

331 1462 399 1517 simo
422 1463 566 1540 quicquam
588 1471 689 1537 practer
710 1463 876 1520 voluntatem
899 1463 1011 1536 dignum
1035 1462 1176 1536 impartiri.
1221 1460 1284 1516 Vale
1311 1470 1339 1517 et
1361 1463 1426 1518 vive.
1458 1462 1552 1518 batum
1574 1460 1625 1516 lla·

330 1564 399 1620 gen:
423 1555 463 1608 19.
480 1548 614 1604 Octobris.

793 1743 1183 1762 -ο-

342 1999 478 2032 nasicas.
669 2033 672 2040 ,
886 1967 1071 2043 XXXXI.
1346 2000 1372 2033 o.
1387 1993 1419 2033 ro.
1434 1999 1495 2033 ocr.
1508 1999 1534 2033 1.
1549 1992 1608 2033 asro.

297 2180 322 2221 ro
708 2158 903 2215 unnnutnvs
924 2158 1085 2215 vnmntco
1106 2158 1258 2214 zvmotto

424 2275 550 2316 ooooro
574 2275 650 2316 vrso
675 2277 883 2319 eureosorno
908 2279 948 2318 nn
968 2277 1144 2319 nireonoeo
1166 2277 1264 2318 raosrs
1286 2276 1478 2318 amcrssrno
1503 2277 1527 2318 s.

416 2395 475 2449 Non
503 2396 568 2450 sinit
590 2395 683 2451 inlelin
705 2414 793 2452 meum
821 2397 982 2471 pistrinum,
1012 2405 1043 2453 ut
1072 2397 1231 2471 frequenter
1256 2404 1359 2454 nostrae
1387 2405 1509 2452 remeent
1530 2396 1625 2454 literae.

333 2522 614 2534 ..........
638 2481 695 2536 Emi
717 2490 745 2537 et
767 2484 859 2538 neseio
883 2483 1116 2556 quid'amleamne
1139 2483 1229 2539 dicere
1244 2483 1367 2539 Portuiui
1386 2482 1512 2544 Gracchi,
1535 2483 1626 2538 dicere

332 2566 404 2621 volui
427 2567 459 2621 ad
483 2565 626 2622 Ortuinum
649 2567 770 2623 Gratium
792 2567 922 2640 epistolas
945 2575 991 2624 aut
1014 2567 1084 2624 sales
1108 2567 1170 2623 illos
1193 2569 1416 2629 iucundissimos,
1439 2574 1534 2624 auctos
1557 2584 1627 2641 prae·

300 2660 409 2707 rsterea
432 2658 459 2706 et
481 2650 677 2723 magistralitcr
703 2653 907 2708 determinatos.
951 2655 973 2708 Ο
1003 2654 1060 2727 ipse
1087 2653 1188 2709 lacerat
1216 2653 1303 2709 bonos
1331 2653 1444 2716 bessos,
1473 2653 1626 2728 praesertim

333 2735 515 2792 Zviliaviacum
538 2755 587 2791 sua
602 2737 685 2792 herba
708 2723 793 2816 ηῧδῃ.
838 2739 963 2793 Ceterum
986 2738 1142 2795 Laebnerus
1167 2738 1212 2794 illc
1234 2738 1424 2812 Guollgangus
1446 2738 1519 2793 misit
1542 2737 1627 2794 Vene-
1726 2790 1730 2795 .

334 2822 385 2876 tias
408 2823 455 2894 qui
478 2823 504 2876 in
527 2820 605 2877 litera
622 2822 717 2877 Aldina
740 2823 859 2896 optimos
882 2840 1007 2897 quosque
1030 2832 1156 2879 auctores
1179 2824 1307 2885 afferant,
1330 2823 1460 2885 Gellium.
1484 2824 1625 2884 Caesarcm.

333 2906 487 2968 Platonem.
511 2907 681 2970 Ciceronem,
705 2908 865 2969 Homerum,
888 2909 1047 2971 boetianum,
1073 2910 1279 2964 Demosthenem
1302 2917 1329 2964 et
1353 2926 1422 2983 quos
1444 2909 1549 2964 reterre
1571 2924 1627 2963 non
1714 2970 1718 2979 ,

333 3009 408 3047 mora
432 2999 473 3046 est
498 2992 654 3047 innumeros
676 2992 753 3048 alios.
799 2989 858 3058 Qua
881 2993 908 3047 in
931 3012 960 3050 re
983 2995 1109 3050 cautione
1131 2994 1270 3050 utendum.
1309 2994 1331 3049 si
1347 3010 1379 3049 cr
1396 2994 1428 3049 iis
1451 2992 1558 3066 aliquos
1580 2993 1627 3048 lra-

298 3076 399 3132 ttbere
421 3076 511 3138 voles,
534 3077 678 3133 rescribite
701 3079 839 3134 baebuero
863 3087 893 3134 ut
915 3087 995 3153 potes
1017 3079 1192 3142 amicissime,
1221 3096 1255 3135 ne
1280 3079 1318 3134 tui
1342 3078 1529 3140 obliviscatur,
1557 3077 1627 3134 velle

335 3169 361 3215 te
383 3162 525 3235 pecuniam
546 3171 701 3235 promptam
724 3164 794 3237 apud
816 3182 859 3218 me
881 3156 997 3237 ponere,
1022 3174 1104 3237 atque
1127 3165 1233 3221 ideam
1257 3164 1292 3219 ob
1314 3180 1422 3219 causam
1438 3163 1625 3236 potissimum:

335 3247 461 3319 quicquid
485 3247 555 3302 enim
579 3247 713 3303 bonorum
736 3247 867 3304 librorum
892 3249 1021 3305 basileam
1043 3250 1130 3313 venit,
1168 3250 1280 3322 triginta
1302 3250 1400 3304 adsunt
1424 3248 1469 3321 qui
1500 3248 1540 3302 vix
1563 3264 1627 3303 con·

335 3332 436 3403 quisito
459 3333 549 3404 pretio
572 3334 720 3405 arripiunt:
744 3341 836 3389 tantus
859 3343 901 3389 est
924 3336 1062 3409 appetitus
1085 3334 1224 3390 bominum
1247 3342 1275 3389 et
1298 3335 1376 3388 furor
1403 3332 1475 3403 (nam
1498 3341 1526 3387 et
1548 3333 1627 3388 furor

335 3416 386 3487 est)
410 3417 617 3478 nonnullorum.
653 3418 751 3491 quibus
776 3428 865 3473 tamen
893 3419 1005 3474 bilibri
1036 3437 1125 3493 neque
1155 3420 1214 3474 usui
1245 3427 1309 3474 sunt
1338 3435 1426 3492 neque.
1455 3416 1627 3488 intelligunt;

299 3500 434 3555 eshabere
458 3511 546 3556 marren
569 3502 663 3557 volunt
692 3511 718 3558 et
748 3522 827 3576 quam
856 3522 928 3577 saepe
956 3513 1068 3559 strenue
1097 3504 1216 3559 insanire
1244 3503 1348 3558 malunt
1371 3544 1530 3557 ......
1565 3500 1627 3556 Vale

335 3594 362 3640 ct
384 3604 426 3640 me
449 3604 515 3641 amu
561 3587 670 3643 basileae
693 3607 724 3644 eu
747 3589 864 3663 pistrino
888 3606 957 3644 meo.
981 3587 1044 3643 lllV.
1067 3588 1121 3643 Cal.
1144 3589 1208 3643 Nov.
1231 3591 1280 3642 Ao.
1304 3588 1330 3642 C.
1355 3594 1431 3647 1516.

449 3770 595 3846 ,Eum
614 3770 736 3848 Zuinglii
755 3771 825 3835 Opp.
846 3771 915 3824 (Ind.
930 3769 996 3819 bibl.
1010 3771 1048 3820 n⁰.
1062 3768 1118 3833 81.)
1137 3769 1244 3846 ΨΜ
1250 3787 1276 3836 p.
1293 3769 1332 3819 15.
1346 3785 1385 3834 sq.
1399 3769 1436 3818 n⁰.
1446 3785 1490 3819 111.

727 3841 988 3848 -—-.—-.--—--·—-.-
997 3842 1001 3846 .

402 4006 443 4040 Η
462 4008 570 4074 Hegeb.
589 4017 681 4074 operto
700 4027 790 4060 errore
809 4013 848 4060 ed.
862 4012 894 4060 L.
903 4010 936 4059 B.
973 4009 1018 4060 Eae
1037 4011 1085 4060 dac
1103 4011 1217 4075 Anpstr'a‘.
1241 4016 1290 4058 tum
1309 4010 1486 4074 Hapenoensia
1508 4009 1629 4058 librorum

334 4095 552 4157 imprimendorum
575 4098 741 4152 correctoris,
766 4102 874 4160 epistola
893 4095 1038 4145 Modntlrr'us
1055 4100 1198 4159 suspicatus
1216 4103 1268 4154 est,
1292 4097 1397 4145 eundem
1414 4099 1491 4144 virum
1510 4096 1629 4159 eptstola-

335 4195 388 4227 rum
406 4180 473 4230 obse.
486 4182 532 4228 eir.
546 4187 674 4230 erectorem
689 4182 780 4243 subse.

403 4262 423 4295 ¹²
442 4265 569 4313 Henmeua
594 4267 697 4314 Loritna
723 4266 876 4324 Glareanus,
901 4268 1011 4316 Hnttent
1032 4270 1152 4332 (epomis,
1175 4266 1363 4316 anathematibus
1387 4267 1535 4329 disciplinas
1553 4264 1629 4314 Basi-

334 4352 382 4396 teoe
404 4365 433 4397 eo
456 4347 568 4412 tempore
593 4351 708 4399 docebat.
779 4348 800 4380 ¹⁵
819 4350 872 4399 lac.
887 4351 948 4400 bon.
969 4349 1053 4416 hess]
1072 4371 1106 4394 =
1123 4352 1195 4416 reisst
1217 4359 1276 4416 pute
1296 4351 1395 4415 Posteri.
1418 4354 1530 4415 teutpert-s
1549 4350 1629 4414 pdra·

333 4438 369 4482 st's
393 4434 542 4482 (temnentem
571 4452 639 4484 more
667 4441 819 4498 emptorum
849 4438 1011 4499 epistolarum
1040 4441 1139 4487 itteram
1164 4437 1256 4485 Latine
1283 4436 1365 4498 saeta.
1404 4436 1443 4498 Cf.
1463 4436 1532 4499 Epp.
1547 4432 1580 4482 Ο.
1594 4433 1626 4482 V.

334 4519 387 4567 vol.
403 4520 423 4566 l.
448 4518 485 4567 n0.
500 4518 541 4567 ab.
560 4521 672 4568 loannis
694 4520 836 4569 Crarrilicis
854 4521 1055 4571 Ambnclrensis
1078 4523 1160 4587 epist.
1230 4520 1250 4551 ¹⁸
1268 4521 1469 4569 Zuilreviacum
1542 4507 1629 4583 ηόδη.

334 4605 381 4652 boc
410 4605 534 4652 dederunt
562 4604 719 4653 Turiccuses.
749 4609 804 4654 sine
832 4621 916 4654 sensu.
950 4607 1066 4668 sortasse
1095 4606 1250 4654 Zuicliavia
1281 4620 1341 4653 enm
1371 4604 1434 4666 (stoc
1463 4603 1628 4653 Zvickavia-

335 4690 397 4751 cus}
420 4689 537 4752 superbe
561 4679 657 4753 ὑηνεῐ,
683 4706 740 4737 nane
762 4697 815 4739 trec
838 4694 954 4755 epistolae
977 4691 1105 4756 Magastro
1131 4690 1249 4738 Conrado
1279 4691 1310 4737 de
1334 4689 1469 4737 Zutceaeia
1496 4693 1521 4735 tm
1547 4695 1629 4751 prtmo

334 4777 453 4824 oolwnr'ue
477 4773 546 4838 Epp.
565 4773 594 4823 0.
612 4776 644 4823 V.
663 4776 804 4839 miscriptoe
821 4774 856 4838 (9.
874 4774 913 4825 13.
926 4775 980 4838 21.)
1003 4791 1066 4824 eane
1089 4777 1152 4823 setis
1173 4776 1254 4823 suittts
1274 4777 1381 4838 pingunt
1404 4773 1545 4822 adulteram
1568 4770 1629 4820 Ort-

334 4866 421 4916 mtnum
440 4866 465 4908 et
482 4865 633 4923 scriptorem
651 4861 729 4923 ipsum
747 4861 872 4910 moecdum.
945 4859 964 4891 ¹⁸
982 4856 1155 4922 Lachnerua]
1181 4859 1302 4908 l'roberaia‘
1318 4857 1474 4922 typogrnpdt'
1496 4863 1521 4906 et
1543 4855 1629 4907 biblio·

246 4951 252 4960 ’
284 4965 289 4971 ·
299 4948 403 5041 polae
420 4945 572 4995 Basila'ensis
594 4961 677 4995 socer.
731 4943 752 4975 ¹⁷
770 4945 888 4995 Gellium
912 4942 977 5011 etc}
994 4947 1063 4995 Haec
1085 4950 1238 4994 enramerotto
1260 4951 1286 4993 et
1303 4946 1362 5008 ipsa
1379 4947 1453 5008 quast
1473 4946 1498 4991 tn
1516 4945 1631 5006 eptstolta

291 5046 295 5053 ·
335 5031 403 5085 obse.
416 5035 463 5080 or'r.
476 5035 616 5096 tegeretur,
636 5033 711 5082 bodie
729 5033 812 5081 rideri
826 5039 917 5096 possit.
969 5029 991 5062 ²⁵
1009 5028 1114 5096 eaepel‘t
1132 5031 1249 5096 sapere?

783 5147 1162 5167 ψ
