4067 6209
453 802 617 851 LXXXVII.
636 808 658 849 2.
678 814 909 849 nnonunonrrmr
922 813 959 848 nr>
972 813 1130 849 rumentum
1141 771 1184 847 ur.
1199 797 1236 860 (u.
1251 800 1331 847 ocra?
1344 798 1415 862 rats.)
1505 782 1571 853 191

587 973 653 1028 Cum
675 991 724 1029 reu
748 973 873 1047 pomiferi
897 972 1001 1045 frigora
1025 971 1166 1027 fronrlulas

588 1059 716 1113 Autumni
740 1058 838 1112 virides
861 1075 930 1111 sarra
954 1057 1070 1118 furentia

587 1143 700 1198 laedunt
723 1160 778 1215 (puo
801 1142 893 1214 patula
916 1159 948 1196 ex
970 1141 1067 1196 arlrore
1089 1140 1223 1196 defluant:

589 1228 632 1283 Sic
655 1228 754 1299 stirps,
778 1228 816 1282 sic
838 1227 930 1281 viridis
953 1244 1025 1299 saepe
1049 1225 1194 1280 iuventula·

590 1312 652 1367 flos
675 1312 800 1383 languet,
824 1318 909 1366 strata
933 1318 989 1366 tum
1013 1318 1083 1366 tecta
1107 1310 1157 1365 sul)
1180 1311 1292 1366 rrtlrera'
1359 1342 1362 1348 ·

589 1397 740 1457 Labuntur,
765 1404 889 1467 vegetum
912 1412 1029 1469 corpore
1052 1395 1190 1450 succulum

587 1482 716 1536 Exhaurit
738 1481 849 1535 veniens
873 1480 947 1535 tarrla
970 1479 1117 1543 senoctula.

588 1566 629 1621 Nil
652 1566 751 1621 ‹luraro
773 1572 865 1638 potest
889 1573 961 1620 terra
984 1564 1025 1619 vel
1048 1582 1158 1637 aequora

589 1651 654 1718 [luae
677 1658 801 1707 servant:
824 1650 905 1705 variis
927 1649 1034 1704 casibus
1058 1649 1181 1704 effluunl.

590 1735 647 1790 lloe
668 1735 778 1790 voluens
801 1736 910 1807 genitus
933 1734 1066 1807 sauguine
1089 1734 1172 1789 nolrili

591 1821 738 1879 Huttenus.
762 1821 869 1893 proavis
892 1819 1140 1894 mre‘potentibus.

590 1906 650 1960 llaec
673 1904 779 1978 spernit
801 1904 906 1965 subito,
930 1904 997 1959 ealle
1020 1904 1071 1959 sub
1093 1921 1189 1977 aspera

589 1990 703 2044 Virtutis
727 1998 836 2043 teneros
859 1989 943 2061 figere
964 1988 1105 2062 gressulos

589 2075 691 2147 l'luspit,
714 2091 794 2128 aereo
816 2073 933 2129 culmine
955 2074 1080 2128 constitit

589 2159 741 2218 Virtutum,
765 2159 860 2231 patriae
883 2158 970 2230 gloria
994 2157 1110 2219 uoliilis‚'

589 2244 725 2299 Musarum
748 2244 875 2315 gradiens
898 2260 948 2316 por
970 2242 1030 2298 lora
1053 2244 1173 2304 roscida,

588 2328 703 2385 thbua
727 2327 826 2382 rutilus
850 2337 970 2401 tempora
994 2328 1094 2382 laurea.
1180 2331 1264 2389 τελος.

305 2644 435 2712 [anua]
917 2644 945 2705 2.

641 2784 911 2840 ClllllSTOPllllRVS
935 2783 1225 2841 lffluuuuouul'tn'vs

691 2881 895 2932 ΗΕΒΜΑΝΝΟ
911 2882 1090 2932 TVLICHIO
1104 2882 1130 2932 S.
1141 2884 1175 2935 D.

374 3007 467 3079 Sapo,
491 3007 524 3060 mi
548 3006 704 3060 doctissime
720 3004 886 3065 Hermanno,
912 3005 1009 3060 taeitos
1032 3005 1104 3077 apml
1126 3022 1168 3060 me
1190 3005 1282 3060 mirari
1306 3005 1397 3068 soluo,
1421 3025 1470 3061 rur
1485 3017 1586 3063 nostro
1677 3045 1685 3060 .

289 3090 394 3150 seculo,
419 3092 444 3145 in
468 3108 522 3163 quo
546 3091 665 3145 omnium
689 3089 819 3144 bonarum
843 3090 941 3144 artium
963 3090 1137 3163 professores
1158 3098 1240 3163 eaput
1263 3090 1385 3161 erigunt,
1418 3091 1469 3146 soli
1493 3083 1594 3165 poetae

290 3186 343 3230 tam
367 3177 419 3230 rari
443 3177 512 3234 sint,
542 3183 571 3230 ut
594 3175 674 3230 citius
698 3175 787 3229 uideas
809 3191 904 3230 ceruos
926 3191 1029 3230 cornua
1052 3174 1223 3236 abiiciamus,
1255 3192 1334 3248 quam
1357 3175 1470 3230 alieuius
1493 3185 1582 3249 poetae

289 3259 329 3313 rol
349 3260 515 3315 levissimum
547 3259 731 3314 rumusculum
761 3260 834 3313 exuri
839 3301 1581 3315 ................................

253 3363 342 3416 rorgo
366 3345 489 3417 proferto
512 3344 631 3399 arbitror
653 3344 704 3398 lioe
727 3344 845 3399 studium
869 3343 970 3400 nnllam
992 3343 1071 3399 aliam
1095 3344 1129 3399 olr
1152 3362 1259 3400 eausam
1281 3353 1465 3418 contemptum
1487 3346 1582 3407 iurem,

290 3447 368 3502 quiam
392 3430 464 3501 quoal
488 3429 578 3483 nullos
602 3428 698 3483 lrabeat
720 3428 892 3489 llaeenates,
922 3430 967 3501 qui
997 3428 1077 3484 huius
1108 3430 1175 3483 artis
1202 3430 1341 3485 studiosos
1371 3430 1583 3504 relprovulrant

255 3523 264 3542 ·
290 3514 330 3568 vel
353 3514 439 3568 alant:
464 3514 579 3568 lralrolrat
603 3513 666 3568 olim
689 3515 842 3585 Augustum
865 3514 996 3568 Caesarem
1020 3513 1163 3584 Virgilius.
1195 3514 1295 3569 Ennius
1318 3515 1484 3587 Scipionem,
1513 3515 1583 3571 uuile

290 3599 398 3653 (lriilius
420 3599 517 3654 recinit

578 3682 678 3737 Ennius
702 3683 832 3742 emeruit,
856 3681 976 3737 Calabris
999 3683 1025 3735 iu
1048 3681 1187 3737 montibus
1211 3691 1301 3743 orluS.

643 3768 793 3840 Contiguus
816 3767 895 3840 poni,
920 3767 1009 3840 Scipio
1032 3784 1144 3839 magne,
1170 3767 1227 3822 tilii.

290 3852 416 3907 Horatius
440 3852 608 3907 llaeeeuatem
640 3870 717 3907 suum
746 3851 877 3911 habebat,
908 3852 953 3924 qui
983 3860 1037 3906 laur
1061 3852 1196 3925 impendio
1224 3869 1284 3906 euru
1315 3851 1434 3914 amabat,
1462 3861 1492 3907 ut
1515 3871 1583 3926 pra*-

291 3946 333 3999 ter
355 3937 453 3991 solitos
483 3938 602 3991 honores
625 3938 705 3991 otiam
734 3937 823 4008 agello
845 3937 969 3991 donaret.
1013 3936 1081 3991 Num
1104 3946 1198 4010 putas.
1232 3936 1266 3992 mi
1291 3938 1455 3999 Hermanno,
1490 3938 1512 3992 si
1536 3956 1584 3993 no-

290 4030 348 4076 stro
379 4021 471 4076 seculo
501 4022 660 4093 quilnrsilaru
690 4021 843 4076 lrominilrus
876 4021 942 4076 tales
973 4021 1149 4095 obtingereut
1179 4022 1352 4084 Maecenates,
1383 4022 1508 4083 Flaccos,
1532 4023 1584 4078 lla·

291 4123 385 4166 renos,
410 4107 511 4161 Statius
534 4107 703 4161 relicturos?
727 4106 773 4160 Est
796 4107 866 4162 enim
890 4107 961 4179 apml
983 4106 1120 4162 Helvetios
1136 4106 1290 4167 (florianus,
1314 4109 1585 4182 praeterquamquod

254 4192 331 4253 wir
354 4192 602 4246 rnarnomuuamm
625 4190 765 4246 literarum
787 4191 998 4246 callentissimus
1021 4201 1076 4254 est,
1101 4201 1181 4267 poeta
1205 4193 1284 4248 etiam
1309 4193 1398 4248 laurea
1424 4194 1584 4266 insignitus:

289 4276 332 4328 eui
356 4277 458 4329 utinam
474 4276 602 4330 llmeenas
625 4276 734 4349 quidam
755 4276 943 4348 contingeret.
968 4278 1073 4332 rideres
1095 4296 1157 4333 erim
1181 4279 1262 4350 prisci
1286 4277 1369 4333 seenli
1392 4279 1482 4352 poetis
1505 4297 1586 4351 supr·

290 4361 398 4414 riurein.
444 4369 484 4413 ost
507 4361 587 4415 etiaim
610 4361 680 4433 aprul
697 4360 797 4416 llrssos
814 4361 954 4422 Bolanus,
979 4363 1032 4421 rir.
1055 4363 1091 4417 aii
1116 4363 1194 4423 honi,
1219 4372 1318 4436 quanta
1335 4362 1390 4417 stili
1407 4366 1435 4418 el
1451 4352 1585 4434 «allegantur

291 4452 318 4497 et
342 4444 495 4500 felicitate:
520 4455 572 4500 tam
596 4447 666 4501 enirn
691 4447 779 4501 omnia
803 4447 861 4501 eius
883 4447 1001 4502 earmina
1025 4446 1107 4520 pleno
1132 4447 1219 4502 fluunt
1241 4447 1331 4510 alveo,
1356 4454 1385 4502 ut
1408 4464 1491 4502 uuum
1514 4446 1585 4501 aliml

290 4592 491 4603 --

358 4692 543 4745 ³LeeluntA.
604 4696 700 4760 patulo
714 4692 745 4759 [l]
760 4696 794 4744 A.
855 4694 938 4743 ²⁰De
957 4696 1050 4744 Herm.
1071 4694 1200 4744 Tuliclrio
1219 4695 1428 4745 lleinheimensl
1448 4694 1584 4757 Vestfolo,

291 4783 357 4827 nato
376 4794 401 4826 a.
419 4779 490 4828 taso.
510 4781 528 4840 †
550 4780 638 4842 154οἾ
662 4779 777 4830 Buschii
797 4779 932 4843 quondam
955 4779 1107 4843 discipulo,
1132 4786 1190 4827 tum
1207 4779 1311 4844 Lipaiae
1331 4780 1587 4845 Wlttenbergaeque

291 4865 391 4912 artium
410 4865 579 4929 professore,
600 4872 698 4930 postea
716 4872 823 4915 rectore
842 4863 945 4914 seholae
964 4869 992 4912 et
1010 4868 1129 4929 pastore,
1150 4862 1213 4912 vide
1232 4864 1425 4913 llamelnronn.
1445 4864 1478 4913 ‹le
1496 4866 1587 4915 Weet·

291 4948 395 5011 phallu.
415 4951 546 5013 Lemgov.
564 4950 635 4999 1711.
654 4950 691 4998 4⁰.
744 4948 766 4980 ²⁰
784 4952 946 5015 llfeepnutes
965 4956 990 4998 et
1007 4952 1122 4997 sitaiuter
1140 4949 1210 5011 infra
1223 4950 1256 4998 A.
1309 4948 1331 4980 ’Β
1350 4946 1441 5014 Ovio]
1460 4950 1518 4999 art.
1534 4965 1587 5000 nm.

291 5033 468 5098 Illustsq.
526 5032 646 5098 ”ortusl
660 5034 754 5083 homas
768 5035 919 5098 contiguos
933 5036 967 5083 Α.
1020 5032 1043 5063 ³²
1060 5032 1170 5082 Numsl.
1183 5037 1318 5099 scripserit
1329 5035 1434 5083 Nonne.
1487 5033 1587 5084 ³⁴Hel-

291 5119 387 5166 necios
400 5120 433 5168 A.
487 5117 734 5184 ”infigentium
787 5119 1026 5184 “contigeretsl
1074 5116 1587 5184 ³⁰1mumal.]vouattemmalteram
