4067 6209
1487 650 1497 679 Ι

429 812 579 865 CXLVIII.
599 827 805 865 rrncnnsrurnr
817 828 855 863 an
868 828 984 864 aranos.
998 827 1130 865 susannis
1142 828 1185 863 se.
1205 827 1231 863 n.
1244 827 1271 863 Α.
1285 820 1345 863 toto.
1359 827 1384 863 s.
1398 820 1457 863 152⁰.
1528 797 1601 870 319

308 998 413 1045 veteres
434 987 585 1063 disciplinae
608 988 783 1052 reviviscere,
810 986 950 1043 literarum
972 986 1061 1042 studia
1084 986 1182 1043 llorere
1205 995 1233 1043 et
1255 1004 1349 1043 omues
1374 986 1453 1043 bonae
1480 996 1552 1043 artes
1576 988 1603 1043 in
1682 1046 1693 1065 ἦ

308 1075 394 1129 lucem
423 1074 535 1148 prodire
564 1074 712 1146 incipiunt;
747 1071 845 1145 quibus
875 1071 948 1127 breti
975 1071 1094 1126 universi
1118 1070 1162 1125 illi
1191 1071 1299 1127 barbari
1326 1072 1420 1127 bostes
1452 1073 1602 1146 profligari,

308 1157 373 1233 pelli
395 1167 423 1213 et
441 1159 586 1231 penituse
608 1158 697 1212 medio
722 1155 780 1212 tolli
802 1164 933 1229 possunt,
965 1156 1001 1211 ita
1024 1165 1055 1212 ut
1077 1164 1172 1212 nostra
1195 1157 1335 1212 Germania
1355 1173 1411 1211 nou
1434 1156 1522 1212 solum
1547 1157 1603 1212 bel·

309 1243 359 1298 lica
384 1243 479 1305 laude,
510 1242 644 1298 maiorum
669 1241 811 1297 nobilitate
838 1258 869 1295 ac
897 1241 1009 1297 llomani
1035 1241 1140 1314 imperii
1170 1241 1374 1315 praeminentia
1399 1241 1525 1304 excellat,
1555 1243 1602 1297 sed

286 1328 430 1386 somnium
456 1327 588 1382 bonarum
615 1325 756 1382 literamm
783 1325 909 1387 seientia,
939 1335 1098 1382 cunctarum
1125 1325 1330 1399 discipliuarum
1353 1326 1521 1389 eruditione,
1550 1326 1604 1383 ela-

309 1413 479 1468 rissimorum
501 1412 673 1484 iugemorum
695 1410 835 1467 loelicitate
858 1409 1028 1473 illustretur,
1050 1409 1218 1473 celebretur,
1238 1412 1390 1467 decoretur.
1433 1411 1603 1485 quandoqui-

308 1498 369 1552 dem
390 1497 421 1552 ad
444 1504 548 1552 tantam
569 1495 786 1569 consequendam
805 1495 945 1550 victoriam
964 1512 1053 1569 neque
1072 1494 1188 1551 militum
1211 1495 1288 1551 deest
1312 1495 1462 1557 exercitus,
1489 1496 1604 1569 impera·

309 1591 399 1640 torum
421 1581 503 1636 etiam
522 1588 648 1654 superest
667 1597 776 1635 manus:
806 1597 866 1634 nam
889 1588 919 1635 ut
942 1580 1064 1653 reliquos
1087 1579 1238 1636 studiorum
1260 1588 1453 1654 pratereamus
1469 1581 1605 1636 relocilla-

285 1696 290 1705 ·
309 1675 399 1728 tores,
423 1683 513 1721 nonne
536 1663 713 1721 illustrissimi
736 1663 776 1719 illi
799 1664 922 1720 Saxonis
942 1656 1041 1726 linces,
1061 1664 1181 1737 quamvis
1200 1664 1332 1720 maiorum
1354 1664 1441 1721 titulis
1463 1666 1530 1721 adeo
1549 1653 1604 1721 sint

276 1751 444 1824 roinsignes.
469 1749 567 1823 opibus
589 1758 642 1806 tam
665 1758 806 1822 potentes,
838 1749 919 1804 animi
941 1758 968 1805 ct
989 1750 1116 1822 eorporis
1137 1748 1247 1805 dotibus
1267 1749 1379 1823 perinde
1401 1749 1548 1811 fortunati,
1573 1760 1605 1806 ut

309 1835 345 1891 nil
368 1835 400 1891 ad
424 1844 477 1890 tam
499 1834 655 1890 absolutum
678 1834 826 1889 felicitatis
847 1834 985 1890 cumulum
1007 1834 1068 1889 addi
1086 1850 1168 1907 posse
1184 1834 1318 1897 videatur,
1346 1833 1416 1890 ultra
1439 1835 1496 1890 baec
1514 1843 1603 1890 tamen

308 1919 429 1976 literaria
452 1919 649 1975 instauratione
675 1918 868 1980 immortalem,
897 1936 986 1975 reram
1012 1927 1041 1975 et
1068 1935 1205 1992 nunquam
1233 1919 1463 1975 intermorituram
1483 1919 1535 1975 sibi
1557 1936 1604 1995 pe·

308 2021 405 2078 perere
423 2003 547 2077 gloriam.
593 2021 672 2077 quam
691 2003 764 2059 enirn
785 2004 929 2067 maiorem,
954 2002 1100 2059 firmiorem
1126 2012 1154 2059 et
1175 2003 1360 2059 honestiorem
1383 2004 1425 2059 sui
1447 2005 1603 2060 memoriam

309 2106 423 2162 magnus
445 2088 491 2144 ille
510 2088 622 2144 Romani
646 2087 752 2161 imperii
775 2088 879 2144 elector
902 2088 1075 2144 Iridericbus
1097 2087 1219 2144 Saxoniae
1241 2089 1296 2144 linx
1320 2087 1540 2162 incomparabilis
1562 2106 1604 2144 re·

276 2173 434 2246 relinquere
455 2173 592 2247 potuisset
613 2190 693 2245 quam
713 2173 794 2229 talem
816 2181 925 2246 tamque
948 2172 1087 2246 egregiam
1110 2174 1270 2229 academiam
1292 2173 1413 2246 erigere,
1439 2191 1500 2247 quae
1522 2173 1603 2229 etiam

308 2275 369 2314 cum
390 2258 487 2332 priscis
510 2248 564 2313 illis
581 2259 772 2320 contenderet,
795 2258 971 2331 praesentium
992 2274 1056 2314 vero
1076 2257 1143 2313 nulli
1167 2258 1295 2320 inferior,
1319 2258 1444 2331 plurimis
1466 2267 1539 2315 esset
1559 2276 1604 2314 sn·

308 2344 415 2416 perior:
450 2342 583 2417 siquidem
601 2343 661 2398 eaeli
680 2343 741 2416 quis
763 2342 856 2398 stellas
879 2352 958 2399 autea
980 2350 1136 2398 numeraret
1158 2360 1238 2416 quam
1259 2360 1348 2399 reram
1369 2343 1521 2399 studiorum
1544 2342 1604 2399 orfi-

308 2428 396 2483 cinam
416 2427 490 2483 illam
509 2428 591 2502 digne
613 2426 724 2485 laudare
748 2435 795 2483 aut
824 2435 866 2483 tot
893 2428 1113 2484 doctissimorum
1137 2428 1258 2484 vlromm
1285 2429 1380 2484 merita
1405 2428 1542 2501 praeconia
1560 2445 1605 2483 oe·

310 2510 415 2568 lebrare
437 2513 549 2586 posset?
582 2512 639 2568 lloc
659 2502 736 2568 unllo
762 2529 817 2568 nou
836 2513 1038 2568 memorandum
1062 2529 1119 2568 svo
1142 2513 1245 2586 primos
1268 2513 1352 2569 luisse
1375 2512 1604 2586 Vitenbergenses

275 2597 449 2670 eosapientes
474 2597 520 2670 qui
543 2605 608 2670 post
628 2605 670 2652 tot
692 2596 780 2653 secula
806 2596 901 2654 oculos
922 2598 1042 2671 aperire,
1071 2613 1164 2652 verum
1185 2615 1200 2652 a
1223 2596 1292 2654 lalso
1319 2598 1481 2671 dignoscere
1506 2605 1534 2653 et
1558 2596 1615 2656 de·.

309 2690 446 2754 praratam
475 2681 687 2755 philosophandi
716 2677 849 2738 rationem
878 2699 893 2737 a
921 2682 1073 2738 Christiana
1101 2681 1242 2755 theologIa
1268 2698 1410 2738 secernere
1443 2681 1604 2755 inceperint

310 2765 395 2821 liuius
423 2766 491 2822 tanti
520 2766 651 2840 principis
677 2766 791 2840 vestigia
818 2775 951 2841 sequutus
982 2765 1185 2823 illustrissimus
1211 2767 1337 2823 dominus
1366 2776 1443 2830 tuus,
1470 2767 1619 2840 Georgius,

310 2851 433 2906 Samma
459 2852 513 2906 dua
540 2851 763 2914 florentissimus,
793 2853 840 2926 qui
867 2869 901 2908 ue
927 2861 1026 2926 patruo
1055 2852 1201 2908 virtutibus
1227 2853 1335 2909 cederet
1362 2862 1409 2908 ant
1428 2869 1494 2926 pace
1516 2852 1606 2907 minor

311 2953 390 3008 quam
413 2935 486 2992 bello
508 2943 596 2996 esset.
620 2936 785 3011 Lypsensem
808 2955 884 2993 snam
908 2937 1070 2993 academiam
1092 2936 1129 2992 ita
1148 2937 1236 2993 doctis
1256 2938 1322 2992 viris
1340 2945 1466 2999 exornat,
1490 2938 1527 2992 ita
1548 2945 1607 2992 stu·

276 3020 418 3076 tertiorum
441 3021 572 3076 incuriam
594 3020 741 3093 diligenter
762 3022 897 3085 emendat,
926 3022 963 3078 ita
991 3021 1123 3078 bonarum
1151 3021 1249 3077 artium
1275 3022 1389 3095 cupidos
1416 3022 1542 3095 instigat,
1575 3029 1606 3076 ut

310 3120 366 3160 uon
388 3106 520 3168 minorem
541 3105 603 3160 inde
625 3105 740 3178 gloriam
762 3116 947 3181 consequatur
969 3124 1049 3181 quam
1073 3105 1276 3179 disciplinarum
1302 3105 1436 3161 candidati
1459 3106 1605 3161 utilitatem

310 3190 503 3263 adipiscantur.
548 3191 645 3264 quodsi
665 3190 755 3247 verbis
776 3192 896 3266 reliquas
919 3192 988 3247 tanti
1011 3191 1103 3247 herois
1123 3190 1161 3247 tui
1185 3190 1299 3247 virtutes
1326 3189 1471 3264 complecti
1498 3189 1604 3251 vellem.

310 3273 349 3329 nil
372 3275 444 3331 aliud
467 3274 591 3349 prolecto
611 3292 720 3349 agerem
737 3294 817 3349 quam
837 3277 904 3333 solis
926 3276 1099 3351 splendorem
1120 3274 1216 3332 iaculis
1238 3275 1384 3331 illustrare.
1422 3274 1555 3330 Caeterum
1575 3282 1606 3338 ut

291 3360 418 3414 ¹tandem
447 3359 479 3414 ad
509 3360 654 3415 aniauum
683 3370 808 3417 nostrum
838 3371 973 3423 revertar,
1000 3378 1053 3434 ego
1081 3360 1144 3423 tibi,
1173 3361 1208 3416 mi
1230 3360 1413 3416 eruditissime
1432 3359 1604 3433 Hieronyme.

276 3452 365 3501 aotam
395 3444 513 3519 lepidum
540 3444 686 3501 Ilbctorem
717 3454 745 3502 et
773 3455 914 3503 venustum
943 3446 1049 3502 dicendi
1072 3446 1232 3519 magistrum
1252 3446 1360 3507 dedico,
1389 3461 1444 3500 uon
1465 3444 1553 3500 solum
1575 3451 1606 3498 ut

311 3529 437 3585 amicitiae
458 3537 561 3585 nostras
582 3530 683 3603 pignus
706 3531 743 3586 sit
764 3532 960 3594 certissImurn,
988 3531 1036 3587 sed
1058 3531 1281 3604 quemadmodum
1305 3548 1347 3586 me
1366 3529 1432 3585 olim
1454 3530 1481 3585 in
1501 3527 1606 3584 bellicis

311 3613 393 3669 rebus
414 3613 575 3670 llartialium
596 3615 736 3689 copiarum
758 3616 852 3672 ducem
871 3634 931 3673 esse
953 3616 1057 3680 vidisti
1085 3616 1122 3671 ita
1143 3632 1215 3671 nunc
1237 3616 1265 3670 in
1288 3614 1489 3671 Reucblinianis
1508 3613 1606 3682 casteis

312 3698 421 3754 ordines
442 3707 583 3772 gerentem
604 3716 659 3755 non
682 3701 791 3774 penitus
814 3702 939 3774 ignavum
958 3688 1134 3770 ἀλεξίκακον
1156 3718 1216 3756 esse
1231 3704 1397 3774 cognoscas,'
1417 3699 1530 3756 masline
1544 3716 1606 3755 cnm

315 3791 345 3837 tn
368 3801 478 3857 quoqne
499 3773 671 3855 ἀλαστόρων
690 3785 800 3841 illorum
823 3786 977 3860 praecipuus
999 3785 1088 3841 bostis
1110 3786 1210 3841 existas
1229 3794 1257 3840 et
1277 3786 1304 3840 in
1320 3784 1514 3849 lleuebliuiano
1533 3801 1606 3840 eom-

278 3867 412 3924 aamilitio
441 3868 523 3940 (absit
550 3869 633 3925 verbo
664 3870 772 3943 invidia)
799 3872 946 3928 acerrimus
975 3879 1167 3945 propugnator
1199 3869 1332 3926 habearis.
1383 3871 1479 3944 decipe
1512 3870 1605 3942 igitur,

313 3952 476 4027 llierouyme
496 3954 670 4017 amicIssime‚
695 3973 792 4013 munus
814 3965 844 4012 ut
865 3956 985 4013 arbitror
1006 3973 1062 4012 non
1085 3955 1196 4011 omnino
1223 3956 1372 4029 ingratum,
1396 3973 1426 4011 ac
1448 3954 1607 4011 Bilibaldum

313 4046 389 4093 tuum
414 4055 505 4094 amore
530 4048 558 4095 et
585 4039 786 4101 benevolentia,
813 4051 844 4097 ut
868 4059 977 4116 semper
1002 4042 1106 4104 iecisti,
1132 4059 1309 4115 prosequere.
1354 4040 1467 4097 Paulum
1495 4041 1607 4097 Pracbt·

313 4122 430 4179 bectium
451 4124 666 4181 iureconsultum
687 4125 866 4184 clarissimum
895 4136 923 4183 et
943 4128 1088 4184 llenricnm
1117 4126 1286 4184 Stromerum
1316 4127 1447 4184 medicum
1477 4135 1608 4201 prestan-

314 4207 447 4265 tissimum
469 4226 529 4266 meo
552 4210 661 4267 nomiae
680 4210 783 4275 saluta,
808 4220 837 4268 tu
860 4231 969 4287 quoque
992 4214 1081 4270 fauste
1103 4224 1131 4270 et
1154 4212 1280 4271 loeliciter
1301 4214 1358 4271 vive
1380 4233 1411 4271 ac
1429 4213 1495 4270 vale.

381 4422 402 4456 ¹⁴
419 4426 598 4488 „Fridericus
611 4427 748 4478 Saxonum
760 4429 814 4480 dux
826 4429 959 4482 bonernm
971 4423 1115 4483 lilernrum
1128 4434 1324 4483 instanrst0r”.
1343 4434 1379 4483 ad
1389 4446 1469 4496 morp-
1506 4429 1527 4462 ¹⁹
1540 4430 1607 4492 „Vi-

312 4508 512 4575 tenbergenses
534 4512 671 4578 Theologi
694 4514 880 4565 Christianam
904 4517 1005 4567 docent
1028 4517 1213 4583 theologIam”
1238 4521 1263 4566 in
1286 4534 1367 4582 usurp.
1403 4515 1607 4581 (Pirckhcime-

313 4608 359 4642 rus
384 4609 445 4643 cum
468 4595 529 4646 haec
553 4598 705 4661 scriberet,
730 4600 873 4649 Emserum
897 4604 1060 4651 acerrimum
1084 4602 1179 4651 borum
1204 4601 1393 4667 theologorum
1415 4600 1523 4650 hostem
1546 4613 1609 4648 mox

314 4677 435 4727 futurum
454 4696 515 4729 esse
534 4696 588 4731 non
607 4687 650 4731 est
669 4684 841 4748 auguratus.)
934 4684 953 4717 ⁸¹
979 4688 1008 4736 in
1032 4686 1125 4736 bellic.
1145 4685 1213 4751 rob]
1238 4691 1334 4735 contro
1353 4686 1511 4748 Helvetios,
1538 4683 1608 4748 qnod

314 4761 417 4812 bellum
430 4765 542 4815 Pirelrh.
557 4770 762 4818 commentariis
779 4769 936 4834 descripsit.
957 4771 1000 4820 cf.
1014 4770 1107 4835 petto.
1122 4772 1139 4819 i.
1155 4772 1174 4823 f.
1222 4768 1244 4802 ⁸⁸
1261 4762 1349 4835 elleh]
1368 4771 1499 4820 mulorum
1513 4769 1608 4834 depul-

314 4860 402 4896 sorem
455 4839 661 4932 ”dictatoque
679 4852 736 4916 (sic)
752 4855 776 4903 1.
813 4854 995 4904 scelestorum
1014 4856 1142 4918 (fratrum
1160 4855 1381 4917 cucullatorum).
