4067 6209
528 763 625 816 nm
641 777 725 813 noti
740 777 858 811 ιηωι
872 776 910 810 an
923 775 1051 809 ioum
1065 773 1208 808 aternus
1222 773 1265 806 ne.
1278 772 1306 807 n.
1323 766 1359 808 3.
1373 772 1432 808 ux.
1446 757 1538 818 ιιιιιῖ)
1636 744 1686 817 ‘29

375 958 498 1016 quoi-mn
520 937 674 998 mendat'n.
694 934 779 991 vehat
795 933 899 990 nolint.
922 934 1030 989 tamlem
1045 931 1191 1005 aliquando
1206 941 1319 987 notame
1333 931 1417 1005 iulgo
1432 933 1459 987 in
1474 941 1593 989 extrema
1608 941 1687 1007 parte

377 1029 551 1099 nigrescunt
588 1022 641 1077 Sed
662 1020 771 1080 sellem.
797 1020 863 1074 dnm
883 1019 1052 1074 immortales
1073 1017 1125 1072 Ιιιιι·
1146 1017 1194 1072 tibi
1213 1018 1427 1074 tonessiwnt.
1455 1028 1484 1074 ut
1504 1019 1578 1074 siros
1598 1019 1687 1074 boam
1699 1002 1745 1054 μ

308 1161 310 1168 .
378 1113 556 1184 agnoimes.
572 1106 714 1181 improbes
728 1122 794 1160 iero
809 1122 898 1177 neque
912 1106 1072 1176 agnovisses
1087 1119 1177 1175 mque
1190 1104 1301 1172 agnitus
1317 1103 1416 1159 luisses
1430 1104 1465 1159 ab
1481 1105 1561 1179 ipsis.
1577 1106 1657 1160 sieuti
1671 1122 1688 1160 a

379 1196 444 1251 Sole
463 1194 574 1269 pretari
590 1190 695 1247 solebat
712 1189 874 1263 Apollonius
890 1188 937 1244 ille
952 1190 1092 1261 Tyaneus:
1118 1188 1244 1260 proleeto
1259 1191 1314 1242 non
1331 1189 1515 1261 impegissent·
1524 1198 1551 1244 te
1572 1190 1600 1245 in
1621 1199 1688 1245 tein-

350 1299 363 1339 ι
382 1289 518 1355 pestatem
532 1278 603 1332 adeo
617 1274 802 1331 inostensam
817 1283 967 1346 nugatores
982 1274 1127 1347 sophistes.
1148 1274 1290 1344 generatio
1305 1289 1395 1346 praua,
1413 1291 1497 1345 pes-us
1511 1283 1688 1330 exarmatum.

380 1367 426 1421 sed
443 1364 574 1420 fortassis
595 1379 645 1435 per
663 1359 831 1433 singularem
851 1359 1049 1433 prosilenhaui
1070 1374 1201 1430 superum
1219 1368 1309 1430 coepta
1329 1357 1362 1412 lis
1380 1368 1438 1412 est:
1461 1359 1592 1414 desidiam
1613 1361 1690 1431 igna-

381 1452 507 1522 viamque
529 1446 569 1502 illi
585 1447 649 1501 odio
669 1446 785 1502 babent:
810 1445 891 1499 sicuti
912 1453 1041 1517 parentes
1062 1442 1164 1497 liberos
1183 1458 1250 1497 suos
1275 1460 1325 1515 per
1350 1443 1524 1500 industriam.
1556 1443 1687 1502 laborem.

381 1536 488 1608 sigitias
502 1533 538 1588 ad
552 1532 677 1604 planam.
693 1531 730 1586 ita
746 1529 786 1584 illi
800 1547 871 1602 quos
885 1538 976 1584 amant
991 1530 1073 1583 variis
1084 1527 1212 1600 perieulis
1225 1528 1514 1602 temptaminilmsque.
1530 1547 1586 1602 quo
1601 1530 1689 1584 vietus

382 1622 470 1676 maior
484 1619 635 1678 enitescat,
650 1624 796 1671 mereant.
828 1616 857 1669 ni
871 1615 1030 1670 tlieeronem
1044 1612 1155 1667 Clodius
1174 1613 1277 1684 egisset
1299 1615 1326 1668 in
1346 1613 1470 1672 exilium.
1491 1615 1562 1669 diem
1584 1614 1689 1669 reditus

349 1704 598 1779 upulcherrimum
610 1700 888 1772 honestissimumque
897 1716 951 1754 non
964 1698 1114 1753 habuisset.
1144 1698 1281 1771 Prospera
1296 1699 1323 1752 in
1338 1697 1444 1771 plebeio
1459 1717 1490 1754 ae
1504 1698 1566 1754 iilia
1582 1700 1690 1771 ingenia
1701 1685 1748 1736 ⁵³·

381 1790 543 1849 deveniunt.
559 1794 588 1842 at
602 1786 771 1842 calamitates
786 1794 963 1857 terroresque
977 1783 1142 1839 eseellentes
1161 1784 1266 1838 animos
1287 1792 1422 1856 quarunt.
1454 1784 1567 1857 llagnus
1581 1801 1691 1858 semper

382 1875 459 1930 luisti
481 1882 510 1929 et
530 1872 641 1928 habitos
660 1888 704 1932 es:
735 1878 880 1943 postquam
901 1870 1051 1942 partie-ilas
1065 1869 1185 1924 caislhla·
1205 1869 1283 1923 taine
1304 1877 1358 1924 tuae
1380 1869 1467 1925 iudiee
1487 1870 1588 1924 virtute
1609 1887 1690 1943 supe·

383 1960 470 2018 rabis.
493 1967 585 2014 mum
602 1958 660 2030 ipse
674 1954 794 2012 certabis
808 1971 869 2010 cuni
885 1955 983 2026 gloria.
1014 1953 1088 2009 l'nde
1103 1954 1238 2009 tortitudo
1254 1962 1300 2008 tua
1315 1963 1544 2025 eognosteretur.
1564 1955 1617 2009 nisi
1634 1955 1691 2010 lor

384 2054 449 2101 tuna
467 2043 576 2099 ileilerit
598 2040 755 2097 facultatem
777 2039 936 2095 eihibeiidae
957 2039 1085 2093 virtutis?
1106 2037 1233 2094 tritine
1256 2039 1335 2111 quasi
1349 2047 1417 2094 aeta·
1431 2041 1521 2094 aetatis
1540 2041 1690 2113 praemium.

353 2140 414 2186 isut
429 2137 519 2203 partae
536 2137 578 2183 tot
592 2126 671 2182 annis
691 2125 789 2198 gloria}
810 2134 1015 2179 monumentum
1037 2123 1125 2179 taulis
1145 2124 1340 2196 sempiternum
1360 2124 1478 2180 aeeeilat.
1514 2141 1564 2179 nte
1585 2141 1690 2184 vereor.

384 2215 458 2289 quod
473 2213 555 2287 quasi
569 2211 668 2267 effoetis
689 2210 792 2265 viribus
807 2226 907 2283 pugna·
927 2210 1016 2263 miuus
1032 2209 1152 2265 sufficias
1166 2225 1237 2263 unus
1251 2209 1284 2264 ad
1299 2207 1480 2264 debilitandos
1496 2218 1611 2265 conatus
1623 2208 1692 2265 mul·

384 2308 492 2360 torum:
528 2297 649 2352 videmus
674 2312 767 2350 senem
797 2293 930 2348 Entellum
966 2303 1108 2349 strennum
1132 2293 1263 2349 athletam
1296 2294 1368 2366 apud
1394 2293 1545 2354 llaroneinz
1573 2294 1691 2367 cognovi
1753 2326 1758 2334 -

385 2400 552 2458 generosum
567 2382 692 2443 ,animum
709 2389 800 2440 tuum,
826 2378 941 2434 alaeretn
957 2396 1070 2452 pugnae.
1098 2397 1130 2434 en
1146 2377 1262 2452 epistola
1284 2387 1328 2433 tua
1349 2378 1468 2435 llutiano
1488 2381 1584 2438 inissa.
1610 2396 1691 2452 quatu

386 2486 485 2524 rursus
501 2467 549 2523 ille
563 2466 699 2521 visendam
713 2465 748 2520 ad
763 2482 805 2519 me
821 2473 897 2519 trans
913 2472 954 2519 tot
969 2464 1070 2518 anluos
1085 2473 1192 2519 montes
1207 2462 1321 2536 legarit.
1344 2472 1373 2518 ut
1390 2463 1501 2519 haberet
1518 2473 1616 2520 testoni
1631 2482 1693 2538 par·

355 2555 499 2628 tatieipem
521 2551 648 2624 concepti
674 2550 781 2623 gaudii;
807 2549 859 2604 vidi
881 2550 1067 2620 integritatem
1090 2559 1175 2608 tuam.
1202 2550 1337 2622 Capnion;
1364 2550 1416 2604 ridi
1438 2560 1465 2605 et
1487 2550 1693 2624 interpretando

386 2656 444 2696 um
461 2639 547 2712 ipsam
563 2635 656 2691 multis
675 2634 862 2706 theologius,
883 2634 1099 2692 srootontistis.
1120 2634 1282 2692 Themistis.
1303 2635 1443 2697 &otistis
1464 2635 1626 2696 tleeanistis,
1646 2634 1695 2691 (la-

382 2725 515 2782 'uonistis
532 2721 700 2777 stomachum
716 2721 796 2780 mori,
812 2719 885 2792 quod
901 2736 934 2774 eo
949 2718 1080 2775 libentius
1095 2720 1162 2781 leci,
1178 2737 1233 2801 qno
1248 2720 1330 2776 eitius
1343 2720 1376 2776 ad
1392 2722 1521 2777 vomitum
1536 2739 1597 2777 enin
1612 2720 1694 2777 satel-

388 2809 436 2864 lite
452 2824 504 2864 sno
520 2806 703 2881 Pepericorno
719 2804 912 2879 penlueantur.
943 2804 1070 2860 Soribnnt
1087 2804 1196 2878 quidem
1212 2804 1265 2866 illi,
1282 2807 1360 2861 ateiti
1376 2806 1500 2866 homine,
1518 2808 1544 2861 in
1561 2815 1596 2861 te.
1627 2806 1691 2879 quid
1706 2801 1753 2853 §.⁵-

391 2895 465 2948 tum?
485 2892 599 2952 saluca,
616 2890 799 2945 subventanea
814 2897 1056 2962 momentaneoque
1072 2889 1203 2945 scribunt.
1235 2898 1279 2944 tun
1294 2890 1430 2946 ilurabunt
1445 2893 1531 2948 donee
1548 2891 1635 2948 literis
1650 2909 1695 2948 oc·

354 2977 564 3052 seupahuntur
578 2976 693 3031 studiosi
709 2974 836 3030 lectores.
866 2974 925 3028 Non
941 2974 984 3029 hie
1000 2974 1097 3029 adulor
1112 2974 1223 3030 auribus
1239 2975 1302 3034 tuis.
1317 2992 1332 3029 a
1349 2994 1403 3048 quw
1419 2977 1485 3032 vitio
1500 2976 1575 3031 valde
1590 2977 1695 3032 alienus

391 3082 463 3119 sum:
481 3062 608 3117 iudicium
623 3061 866 3133 peritissimorum,
883 3076 938 3114 non
954 3077 1052 3118 meum.
1068 3060 1156 3132 attigi.
1186 3062 1220 3115 ,tt
1236 3060 1306 3114 dieet
1322 3061 1421 3133 aliquis
1437 3062 1565 3135 ‘thpnion
1582 3060 1694 3118 solusne

390 3157 485 3204 eontra
507 3147 616 3221 plures,
644 3163 727 3218 quum
748 3163 782 3201 ne
798 3144 1057 3217 llereules'quidem
1072 3154 1167 3201 eontra
1187 3145 1284 3200 duosl'
1310 3144 1376 3200 lluic
1402 3145 1556 3219 respondeo
1582 3144 1693 3201 ‘lniniiei

392 3233 544 3307 tlapnionis
557 3232 686 3286 exarmati
702 3240 780 3293 sunt;
806 3229 914 3289 sonitu.
940 3246 995 3285 non
1016 3229 1128 3287 verbere
1149 3237 1266 3292 terrent,
1295 3238 1325 3285 nt
1345 3248 1434 3305 vespae
1454 3229 1555 3286 evulsis
1575 3226 1693 3285 aculeis'.

393 3314 489 3391 quihus
504 3317 528 3372 si
542 3316 709 3373 adimeretur
723 3332 757 3371 ne
769 3315 973 3388 superstitiosas
985 3332 1053 3371 anus
1064 3324 1146 3390 atque
1156 3314 1270 3371 delitum
1285 3315 1474 3389 vulgus-impis
1485 3315 1542 3370 suis
1553 3314 1696 3371 eluderent

360 3412 542 3477 noontraque
556 3409 632 3457 recte
647 3401 798 3457 sentientes
812 3400 994 3461 concitarent.
1017 3418 1072 3475 non
1093 3401 1209 3475 amplius
1230 3417 1310 3473 quain
1330 3401 1374 3457 leo
1395 3401 1510 3474 pulieein
1532 3418 1580 3455 eos
1601 3400 1695 3455 sorni·
1725 3473 1728 3478 Ι

393 3488 491 3544 darem
526 3503 634 3548 verum.
650 3487 673 3541 si
688 3487 741 3542 diis
754 3485 853 3560 placet.
869 3485 1003 3546 scribant,
1018 3495 1251 3547 eonnmententun
1269 3487 1442 3546 invehantur.
1459 3484 1695 3559 propositionibus

396 3573 598 3647 propositiones
618 3589 681 3626 suas
696 3570 880 3632 accumulent,
901 3571 1047 3627 dnmmodo
1067 3573 1154 3627 sciant
1171 3572 1253 3626 tanlae
1268 3589 1299 3627 ac
1313 3571 1447 3644 languidae
1466 3569 1583 3644 pecudes
1604 3569 1693 3624 ‹loetis

397 3676 424 3712 se
444 3658 567 3731 prebere
581 3648 720 3712 materiain
735 3655 848 3711 ridendi.
879 3656 919 3711 'lu
940 3674 1051 3730 quoque
1072 3658 1094 3711 si
1115 3657 1247 3714 volueris.
1272 3656 1320 3711 tihi
1336 3673 1390 3712 non
1405 3656 1521 3711 ileeruut
1537 3656 1563 3710 in
1580 3672 1693 3728 respon·
1707 3661 1753 3712 §.t

395 3743 480 3798 dendo
495 3741 687 3798 auxiliatores:
713 3742 797 3796 habos
812 3741 998 3797 doctissimum
1015 3742 1100 3796 sinim
1117 3742 1278 3802 llntianum;
1304 3742 1387 3796 hahes
1408 3748 1496 3796 totuin
1518 3740 1629 3795 blutiani
1651 3757 1695 3795 or·

366 3828 496 3890 ttilinem;
517 3834 583 3883 sunt
599 3827 625 3881 in
641 3843 675 3882 eo
689 3825 860 3900 philosophi,
877 3834 978 3899 poete,
1002 3834 1141 3888 oratores,
1163 3825 1299 3897 theologi,
1319 3843 1413 3883 omnes
1429 3825 1476 3880 tibi
1492 3826 1584 3886 dediti,
1602 3843 1696 3881 omnes

397 3930 445 3986 pro
467 3922 494 3968 te
515 3920 623 3969 certare
643 3913 739 3985 parati.
786 3910 922 3966 Eobanuin
944 3911 1058 3968 llessniu
1078 3912 1187 3969 coeleste
1209 3912 1346 3983 ingenium
1368 3911 1444 3973 beat,
1471 3912 1567 3967 scribit
1586 3927 1696 3968 carmen

322 4007 325 4012 ·
397 4014 495 4054 summa
515 3996 669 4059 loelieitate;
691 3996 780 4051 vidisti
800 3996 882 4052 eredo
905 3996 963 4051 eius
984 3996 1117 4053 ludicrum
1142 3997 1299 4059 bucolicon,
1321 3999 1348 4053 in
1365 4015 1419 4072 quo
1436 3998 1555 4053 ostendit
1571 3994 1616 4051 ille
1633 3996 1698 4070 quid

397 4083 496 4155 possit.
526 4081 550 4136 si
570 4081 644 4138 velit.
667 4082 693 4136 in
710 4081 829 4137 llutteno
850 4099 911 4137 meo
932 4080 1035 4137 exultat
1055 4083 1137 4138 ardor
1157 4091 1186 4140 et
1206 4081 1357 4147 subtilitas;
1379 4101 1433 4139 uno
1456 4084 1558 4157 impetn
1572 4082 1698 4152 cotilieiet

399 4167 499 4223 aridum
514 4167 654 4222 [trtiinnm
675 4209 681 4221 .
703 4184 758 4222 non
779 4166 876 4221 attinet
897 4163 976 4240 plura
997 4168 1160 4240 promittere
1178 4212 1183 4223 .
1209 4169 1304 4225 manda
1325 4177 1352 4224 et
1375 4168 1450 4232 iube;
1481 4168 1589 4242 quando
1611 4166 1694 4228 voles,

367 4262 392 4303 ιι
399 4260 496 4325 praesto
517 4251 628 4309 erimus.
672 4251 730 4326 lpse
752 4252 779 4309 in
800 4251 853 4308 hoo
872 4249 991 4323 collegio
1012 4269 1068 4307 non
1089 4252 1175 4310 habeo
1191 4271 1265 4309 aritia
1280 4255 1419 4316 Minervae,
1446 4255 1585 4327 copiarum
1608 4261 1697 4308 tuition
1711 4259 1757 4310 §.n

399 4337 534 4392 tribunum
556 4354 599 4393 me
615 4336 760 4410 profiteor:
781 4344 856 4392 stant
872 4338 1032 4410 incorpore
1048 4338 1135 4395 atlhuo
1150 4340 1221 4395 vires
1237 4340 1352 4412 integrae.
1368 4340 1400 4395 ad
1414 4338 1518 4412 algoris
1533 4345 1630 4398 eestns.
1657 4337 1698 4392 in·

398 4422 461 4478 ediae
482 4421 657 4495 patientiam
677 4422 799 4478 exercuit
817 4440 858 4477 ine
875 4423 1000 4485 lentunen
1016 4422 1061 4478 ubi
1078 4442 1148 4497 opus
1163 4433 1229 4487 erit,
1247 4434 1356 4480 montes
1372 4424 1509 4497 vallesque
1526 4433 1573 4478 tno
1589 4421 1698 4478 nomine

399 4506 540 4580 superabo.
571 4524 604 4561 ne
620 4524 650 4562 se
666 4507 692 4561 in
708 4506 760 4562 hoo
776 4508 857 4561 iactet
872 4506 948 4563 solus
962 4507 1161 4582 Pepericornus
1176 4518 1246 4570 tuus,
1264 4510 1362 4583 impius
1376 4509 1526 4580 transfuga,
1542 4525 1598 4568 ore.
1615 4504 1699 4565 vultu.

400 4592 482 4646 totius
495 4591 614 4666 deniqne
628 4592 753 4666 corporis
770 4591 863 4647 hahita
878 4592 1056 4656 hedissimus,
1079 4601 1109 4649 ut
1121 4603 1195 4651 reete
1207 4595 1338 4668 impuram
1353 4594 1468 4650 aiiimani
1483 4594 1593 4665 dignuin
1609 4589 1701 4663 hospi·

369 4689 393 4729 it
402 4675 465 4732 tium
479 4676 603 4732 habitare
623 4678 732 4732 dixeris.
762 4677 857 4733 Altero
877 4677 975 4734 abhinc
995 4695 1067 4733 anno
1089 4678 1172 4734 nndta
1193 4680 1226 4734 de
1250 4686 1276 4734 to
1296 4695 1356 4733 cuin
1378 4696 1411 4735 eo
1432 4676 1540 4733 locutus
1560 4692 1634 4735 sitin,
1661 4682 1700 4735 ut,

401 4762 470 4833 quod
484 4762 614 4819 obscoeno
628 4779 746 4835 corpore
761 4759 873 4824 lateret,
896 4762 1035 4838 loquentis
1050 4781 1140 4820 senno
1156 4764 1220 4819 mihi
1236 4761 1379 4819 indicaret:
1396 4780 1450 4820 non
1466 4761 1562 4835 recipit
1575 4757 1701 4833 epistola,

433 4942 474 4977 ²*
492 4944 940 5011 Ci.Philostrat.vit.Apoll.L31.
976 4946 987 4978 ⁸
1005 4950 1073 5011 qnos
1085 4938 1215 4995 uirtusA.
1251 4944 1272 4978 ¹²
1289 4941 1406 5008 Meron]
1417 4939 1701 5008 Aeneid.V.437.sqq.

405 5027 425 5061 ¹⁸
442 5032 524 5097 epist.
540 5028 721 5096 tuaMut.m.]
737 5030 1127 5097 d.22.Aug.o.1513.aeripto.
1143 5030 1316 5081 Ohstrnues.
1326 5032 1349 5080 1.
1361 5028 1451 5095 piot.
1498 5026 1521 5062 ⁴³
1540 5028 1621 5078 tuus?
1635 5028 1701 5091 sort.

407 5113 521 5166 ludens.
