4067 6209
462 776 586 828 mvl·
605 784 626 824 l·
644 788 781 825 zelarem
793 787 830 824 Ab
844 787 1056 823 unxlurnunvu
1070 786 1135 822 (ΗΕΒ.
1150 784 1253 820 ITALIAE
1265 782 1400 820 monela.

434 945 542 1008 Forma
563 944 616 1006 tibi
639 943 759 1014 colitur.
782 942 834 1004 tibi
855 949 955 1003 nostra
977 940 1096 1021 plaeere
1117 939 1247 1009 laborat;

505 1047 590 1109 Nunc
611 1047 695 1116 latet;
718 1053 840 1124 eccepto
862 1053 892 1106 te
913 1044 990 1106 redit
1011 1041 1060 1104 ille
1081 1043 1168 1104 nitor.

434 1149 509 1211 Ante
530 1156 615 1229 pater
636 1165 778 1227 superum
801 1147 907 1227 Stygiis
929 1164 977 1207 me
999 1145 1161 1207 admoverit
1182 1143 1295 1206 umbris

380 1274 405 1315 re
504 1249 638 1313 Fulmine
659 1250 798 1311 turritum
821 1249 1025 1328 concutiatque
1048 1254 1144 1326 caput,

436 1352 529 1424 Quam
551 1354 606 1414 nisi
628 1360 657 1412 te
679 1352 833 1432 quisquam
855 1352 950 1412 videat
973 1349 1102 1429 gaudere
1123 1356 1254 1427 recepto,

507 1454 643 1535 Squallor
665 1455 694 1516 in
717 1453 858 1514 adrentus
879 1452 927 1513 bic
949 1460 1049 1513 manet
1070 1470 1164 1531 usque
1185 1459 1262 1513 tuos.

435 1557 509 1635 Spes
530 1556 613 1618 sedet
634 1556 710 1620 bane
731 1535 785 1633 per
807 1561 836 1615 te
858 1555 1023 1616 cunctando
1045 1555 1159 1615 restitui
1180 1573 1253 1624 rem,

380 1682 406 1723 ao
506 1658 577 1729 Quae
598 1676 678 1719 nime
699 1659 816 1718 fortuna
839 1658 1024 1717 concutiente
1046 1655 1139 1716 labat:

436 1760 522 1822 Solor
544 1762 658 1838 etipsa
680 1778 760 1820 meas
782 1759 898 1820 deserta
920 1766 1072 1837 uteunque
1093 1759 1202 1827 ruinas,

507 1862 656 1924 Excusare
676 1869 743 1922 tuas
764 1861 914 1939 ingeniosa
937 1877 1051 1929 moras;

436 1965 472 2026 Et
494 1966 609 2044 quoties
630 1965 754 2042 sumptis
777 1965 930 2043 quisquam
953 1981 1001 2022 me
1022 1961 1172 2023 invaderet
1193 1963 1292 2031 armis,

382 2086 406 2127 aa
505 2064 576 2126 '‘Snb
599 2066 727 2126 domino'
750 2066 809 2125 dixi
832 2065 954 2125 ‘vindice
977 2082 1064 2126 cansa
1086 2083 1151 2125 mea
1174 2062 1241 2131 est:

437 2167 497 2229 Nec
520 2167 598 2246 quod
620 2168 694 2227 victa
716 2185 854 2245 premor,
877 2165 955 2226 ultro
977 2168 1083 2226 victam
1106 2184 1170 2227 esse
1192 2166 1317 2245 putabis,

510 2267 604 2331 Omne
625 2268 780 2330 reluctanti
803 2269 882 2348 quocl
905 2270 968 2328 lero
990 2269 1068 2329 venit
1090 2286 1180 2337 onus;

438 2370 537 2431 Donec
559 2371 646 2441 abes,
670 2371 765 2432 donec
786 2372 867 2430 sinor
887 2370 1054 2440 indefensa,
1076 2368 1187 2431 tenebit

383 2492 408 2532 rs
509 2473 631 2533 lnvitam
654 2474 786 2552 quisquis
808 2473 937 2551 possidet
958 2471 1087 2540 ltaliam:

439 2574 514 2644 Nee,
538 2575 607 2654 quiet
630 2583 698 2654 aget
718 2574 827 2635 blando
850 2577 899 2653 qui
921 2592 968 2635 me
990 2575 1043 2635 tibi
1065 2573 1192 2635 detrabit
1214 2593 1275 2643 ore,

510 2675 649 2735 Pollicitis
669 2685 768 2754 partes
790 2676 879 2737 allicit
900 2677 989 2756 inque
1011 2695 1094 2737 snas:
1188 2683 1194 2703 ¹

439 2776 493 2847 Qui
516 2779 587 2838 mibi
610 2779 722 2857 grande
743 2779 848 2848 decus,
871 2779 942 2839 mibi
965 2780 1015 2858 qui
1037 2779 1171 2857 promisit
1193 2780 1346 2849 honorem,
1374 2774 1378 2810 ³

302 2891 306 2904 '
386 2902 411 2943 aa
510 2879 591 2941 Unus
614 2880 724 2951 bonos,
748 2898 839 2941 nunni
862 2887 907 2941 est
928 2882 1051 2942 Caesaris
1073 2899 1137 2941 esse
1159 2882 1258 2943 decus.

439 2980 484 3041 lle
506 3000 555 3041 res
576 2981 713 3059 pollicitis
734 2982 913 3043 Venetorum
934 2984 1101 3061 ingentibus
1123 2991 1219 3061 urget,

509 3082 643 3145 'lentavit
665 3097 795 3144 nostram
818 3083 910 3145 Gallia
934 3084 1040 3145 blanda
1063 3085 1159 3154 tidem,

439 3185 471 3245 ln
494 3186 651 3265 medioque
673 3187 730 3247 mei
752 3185 872 3265 qnidam
894 3186 1081 3256 exhortatur,
1107 3195 1141 3249 ut
1162 3189 1265 3257 ausim,

385 3307 411 3348 ae
510 3287 603 3357 Quam
626 3288 697 3350 dare
717 3295 750 3349 tu
773 3289 881 3365 possis,
906 3289 1044 3350 ulteriora
1066 3291 1165 3368 sequi:

439 3390 536 3449 Averti
557 3393 697 3470 tenuique
719 3408 839 3451 manum
861 3398 1038 3470 pactumque
1061 3393 1155 3471 refugi

511 3492 651 3572 Donaque
674 3495 851 3571 contempsi,
874 3511 934 3553 non
956 3493 1105 3573 habuique
1126 3494 1224 3555 tidem.

440 3593 471 3654 ln
494 3601 523 3655 te
545 3593 625 3656 solus
647 3613 745 3664 amor,
768 3597 849 3656 inte
871 3614 935 3655 mea
958 3595 1020 3655 sola
1043 3594 1188 3656 voluntas:

384 3717 409 3757 ro
507 3697 565 3757 lui
587 3715 736 3776 nunquam
758 3703 809 3756 alit
831 3704 935 3775 perte
958 3696 1050 3758 libera
1072 3705 1152 3758 terra
1174 3714 1239 3757 mea
1262 3703 1314 3757 est.
1404 3737 1407 3745 ›

439 3797 656 3869 TuulominuS,
678 3805 728 3858 tua
751 3800 829 3860 iussa
851 3818 973 3878 sequar,
995 3807 1026 3860 te
1048 3800 1181 3878 principe
1202 3797 1312 3867 tollam,

510 3899 546 3960 Ut
569 3900 733 3978 quondam,
757 3900 875 3960 domitis
897 3901 1033 3978 gentibus
1055 3920 1124 3962 aere
1147 3908 1243 3980 caput.

439 4000 496 4061 Per
518 4007 547 4061 te
568 4003 683 4079 priscus
706 4002 817 4072 bonor,
839 4003 937 4079 prisca
959 4010 1131 4064 ornamenta
1153 4004 1301 4072 redibunt,

314 4130 320 4140 ·
385 4120 409 4160 n
508 4102 565 4163 but
587 4122 641 4181 ego
663 4110 806 4181 perpetua
829 4103 971 4183 squallida
993 4105 1081 4165 sorde
1104 4107 1191 4166 ferar.

438 4204 474 4263 lt
496 4210 546 4264 tua
568 4204 644 4264 lenta
667 4223 750 4265 mora
773 4212 819 4266 est
840 4224 996 4285 cessasque
1017 4208 1047 4267 in
1069 4214 1136 4268 vota
1158 4215 1276 4270 tuorum

511 4304 566 4375 Qui
588 4324 655 4383 spe,
679 4308 729 4385 qni
751 4306 842 4367 elnbio
865 4326 1047 4370 consenuere
1069 4318 1166 4373 metu:

439 4406 554 4468 Interea
576 4407 663 4468 nullis
686 4427 741 4487 ego
763 4427 823 4469 non
845 4409 1069 4481 obnoxietatis,

384 4529 409 4568 rs
509 4508 634 4571 Cuilibet
655 4511 774 4572 audenti
796 4512 895 4588 praeda
917 4511 1018 4575 relicta
1041 4521 1135 4591 petor.

433 4610 483 4671 'Ab
505 4612 576 4670 sinis
598 4610 709 4673 ltaliam
732 4610 812 4672 nullo
836 4619 932 4673 tutore
955 4613 1091 4692 relinqui,

510 4711 681 4791 Regnorum
704 4720 792 4792 caput
814 4714 870 4775 boc
891 4716 1067 4794 imperiique
1089 4714 1230 4775 domnini

356 5033 377 5067 ¹⁸
395 5032 505 5099 l'quulor
517 5039 543 5085 2.
589 5034 610 5068 ²¹
628 5036 765 5101 utrimque
776 5040 851 5088 a...5.
896 5035 918 5068 ³⁹
936 5055 970 5087 an
987 5036 1136 5102 voluptas?
1176 5035 1199 5070 ⁴²
1217 5026 1489 5109 g'entibuslxregibua
1507 5037 1581 5085 a...5.

287 5116 311 5151 ⁴⁴
328 5116 456 5184 squalida
467 5123 493 5171 2.
557 5119 580 5154 ‘⁵
596 5120 723 5172 Autm.
776 5128 884 5174 tuorum
895 5125 922 5173 2.
996 5120 1050 5155 Μ)
1066 5121 1514 5174 Hoadomoereuaomtsermm.
