4067 6209
384 781 457 853 tiss.)
511 794 619 844 CCXII.
635 807 703 843 rias
717 804 833 842 attacta
848 800 1142 843 cv1'1usca1ervaasa
1157 805 1356 842 accusamus
1371 807 1470 842 oveas.
1492 798 1556 840 ¹52⁰,

386 974 567 1034 versitatum,
598 971 637 1024 ad
664 983 773 1039 repem,
804 969 842 1022 ad
867 968 1017 1037 principes
1041 967 1216 1033 Germanice,
1247 967 1292 1023 tis
1319 967 1418 1022 diebus
1446 968 1577 1032 aduenit,
1606 965 1684 1022 baud

387 1058 516 1120 dubium,
540 1060 571 1108 ul
593 1061 634 1109 est
657 1056 818 1124 impotentis
838 1054 906 1118 irae,
935 1053 1061 1106 Lutitero
1086 1070 1143 1123 per
1167 1053 1281 1107 Bullam
1310 1060 1337 1106 et
1359 1054 1681 1109 eeaammanicationem

386 1142 554 1199 eoncitleatu
571 1140 715 1193 insultabit
736 1140 950 1203 contumeliose,
975 1139 1078 1191 ueteris
1100 1140 1176 1193 illius
1199 1140 1340 1208 opinionis
1355 1140 1494 1209 reliquias
1509 1138 1680 1208 prostipabit.

386 1230 480 1283 ameria
496 1226 633 1279 librorum
650 1224 890 1279 tietberiunorum
914 1224 1095 1292 enrniptnrta
1117 1226 1181 1295 iane
1203 1225 1330 1277 abolebit.
1368 1230 1533 1272 tt'e’utat's.
1560 1222 1609 1290 Io,
1630 1224 1682 1274 erit

387 1316 416 1367 in
438 1326 498 1365 rem
521 1311 742 1380 impressorum,
773 1327 846 1364 noea
868 1311 970 1362 iterum
993 1310 1153 1374 excttdent,
1181 1309 1283 1378 quibus
1305 1309 1371 1362 bine
1391 1310 1587 1379 promptiores
1609 1308 1699 1360 inre-⁵

388 1400 465 1452 nient
486 1401 644 1464 emptores,
667 1412 730 1449 eum
745 1392 840 1465 ferme
854 1396 1005 1463 cupiamus
1021 1410 1085 1463 qteoe
1101 1396 1185 1448 uetita
1200 1399 1266 1447 surii
1279 1408 1463 1463 pernoscere.
1500 1399 1583 1440 tet's.
1602 1391 1680 1445 Clau·

388 1481 488 1537 clertdee
511 1481 598 1550 iaitur
622 1481 753 1534 ridentur
776 1478 902 1549 officinae
924 1480 1101 1541 encusoriec,
1133 1493 1168 1532 ne
1190 1480 1218 1532 in
1242 1485 1370 1532 nostram
1392 1480 1550 1547 perniciem
1573 1478 1681 1531 codices

383 1568 465 1638 pleni
492 1565 597 1619 iudicio
626 1565 864 1634 multiplicentur,
899 1565 1000 1633 quibus
1028 1564 1159 1617 (lebamus
1187 1571 1318 1617 renatam
1348 1564 1551 1626 eruditionem,
1581 1579 1599 1614 a
1627 1577 1681 1631 qna

389 1652 468 1707 nobis
496 1656 577 1703 tanta
606 1650 790 1703 incommoda.
836 1656 978 1697 uocaset.
1009 1647 1072 1702 Nan
1102 1650 1213 1702 omnino
1236 1650 1417 1714 claudendae,
1448 1665 1515 1702 ntem
1540 1646 1679 1701 Dormise·

389 1751 483 1799 cterte,
512 1733 736 1799 dietmmotreeti,
766 1733 900 1804 capreoli
925 1740 953 1787 et
980 1733 1065 1787 bilius
1096 1735 1211 1804 perceris
1242 1733 1399 1788 Christiani
1430 1738 1548 1787 uiatores
1577 1744 1709 1800 parumn

390 1821 573 1886 multisunt,
603 1834 753 1874 numerum
782 1821 873 1874 indies
902 1819 1063 1888 irrependum
1087 1819 1260 1873 attrahimus.
1307 1817 1496 1884 Quamobrem
1520 1833 1598 1871 nune
1619 1829 1681 1884 ope·

391 1922 454 1961 ram
477 1906 547 1958 daret
570 1893 799 1971 Rbomunenses,
822 1910 853 1958 ut
876 1919 927 1958 nas
950 1904 1105 1958 autoritate
1127 1905 1211 1957 etiaim
1236 1903 1369 1958 Caesarea
1389 1904 1556 1974 praeficiant
1578 1901 1683 1954 iudices

390 1991 471 2046 libris
492 1990 595 2058 ubique
618 1990 809 2055 eaetteieruiis,
832 1990 872 2042 iia
895 1995 926 2042 ut
947 1989 1008 2041 sine
1031 1997 1129 2043 ancistro
1150 1988 1293 2060 suffrapio
1309 1990 1380 2043 nibil
1390 1990 1493 2058 praelis
1507 1988 1682 2041 admittatur.

391 2077 444 2131 boc
472 2076 584 2145 inpenio
610 2074 689 2146 sorte
718 2076 946 2144 supprimamus,
977 2073 1060 2126 inemo
1084 2075 1284 2143 eatinpnemus
1311 2074 1411 2128 literas
1437 2081 1465 2127 et
1491 2071 1683 2143 posteritatem

391 2160 509 2216 similem
532 2160 611 2212 nobis
633 2160 799 2223 rutilianus,
823 2160 962 2229 siqttidem
978 2159 1017 2211 ad
1032 2163 1163 2211 autorum
1181 2167 1316 2212 tacituram
1339 2160 1459 2213 lectores
1479 2156 1683 2228 propemodum
1694 2166 1713 2203 a

392 2248 586 2300 demutantur.
626 2252 709 2292 teta.
736 2244 843 2297 Vereor
866 2260 901 2298 ne
924 2244 1032 2312 equites
1049 2242 1186 2297 Germani
1206 2246 1236 2297 in
1258 2246 1319 2297 suis
1341 2244 1471 2308 arcibus,
1496 2256 1571 2313 quas
1586 2240 1685 2293 berbent

393 2330 612 2394 munitissimae,
640 2326 755 2399 sarciunt
777 2329 885 2382 emendi
906 2335 964 2381 tum
987 2328 1077 2381 bonas
1098 2329 1213 2395 literas,
1237 2334 1295 2381 tarn
1318 2335 1424 2382 nostroe
1446 2326 1612 2398 tyrannidis
1633 2324 1685 2377 cri-

394 2417 577 2469 minationes:
612 2420 783 2482 emptorem,
806 2414 832 2466 si
853 2414 883 2468 id
902 2413 999 2483 fieret,
1029 2414 1130 2466 saltem
1153 2414 1293 2467 occuitum
1316 2413 1388 2466 nibil
1413 2411 1635 2473 desiderabunt,
1663 2413 1688 2460 et

394 2501 499 2554 rnuiori
520 2504 577 2553 tum
601 2499 664 2552 odio
684 2499 885 2569 areioatonar,
915 2497 964 2567 qui
984 2498 1026 2550 sie
1050 2498 1179 2552 oidenner
1194 2504 1301 2551 ‚trustra
1325 2499 1393 2551 uitia
1415 2499 1506 2568 maais
1530 2502 1560 2549 ul
1584 2497 1689 2548 lateant

395 2602 481 2655 qteetm
504 2590 534 2637 ut
557 2575 743 2653 corripiantur
765 2583 922 2637 laborasse.
968 2588 1110 2632 ttoettsen.
1146 2582 1226 2636 Idem
1249 2597 1299 2653 epo
1319 2580 1459 2653 formido,
1484 2580 1574 2636 nibilo
1597 2585 1719 2632 tamena

395 2669 489 2723 scenis
512 2667 737 2736 pertentandum
762 2672 820 2731 esi,
853 2669 985 2737 paeoniam
1016 2667 1102 2720 itatius
1131 2668 1243 2721 eortsilii
1269 2669 1295 2721 si
1321 2683 1378 2721 non
1400 2673 1501 2732 autor,
1529 2671 1609 2718 certe
1631 2663 1690 2716 dua

395 2753 450 2807 erit
480 2753 624 2805 nobiscum
655 2750 850 2821 Hieronymus
878 2752 924 2805 ille
954 2752 1112 2817 dicandae,
1144 2754 1194 2821 qui
1221 2753 1330 2815 multis,
1363 2759 1394 2805 ut
1422 2753 1494 2817 seis,
1524 2749 1638 2804 ridetur
1663 2747 1690 2798 in

396 2844 521 2906 utraque
544 2836 641 2906 linqua
665 2852 720 2889 non
744 2838 856 2891 ornrnno
882 2837 1007 2904 pessime
1031 2838 1145 2902 (tactus,
1175 2836 1230 2890 sibi
1258 2842 1350 2890 atatem
1380 2837 1432 2889 urm
1458 2837 1541 2904 ionae
1570 2834 1692 2887 omilium

396 2922 589 2987 doctissimam,
614 2922 685 2974 oeteo
708 2926 738 2974 ul
760 2922 837 2974 inter
859 2920 1038 2973 acereIcrnicos
1054 2920 1153 2975 Romae
1176 2922 1285 2991 qeeoties
1306 2921 1470 2990 indulpelur
1491 2919 1591 2989 penio,
1615 2917 1692 2970 toties

397 3101 470 3133 nam.
507 3085 591 3132 vonit
613 3085 656 3133 tiis
679 3084 777 3134 dicbus
795 3085 979 3146 Hieronymus
996 3084 1127 3147 Alcides,
1152 3087 1195 3132 uir
1220 3082 1266 3133 saa
1285 3084 1413 3148 opinione
1430 3080 1434 3144 Ι
1449 3081 1530 3146 longe
1551 3082 1694 3141 maximus,

399 3185 453 3218 non
473 3167 557 3217 solum
576 3174 687 3233 proptor
705 3168 829 3230 linguas,
856 3183 924 3231 eluas
949 3170 1049 3217 animia
1074 3169 1167 3218 callet.
1206 3170 1234 3216 Si
1251 3167 1254 3231 Ι
1271 3168 1380 3232 (puidam
1403 3167 1512 3216 hebrae
1536 3166 1579 3215 ilii
1598 3173 1694 3215 uerna-

400 3254 463 3304 cula
477 3251 531 3315 cst,
552 3270 645 3317 grisea
665 3269 681 3301 a
700 3268 784 3317 puoso
800 3252 841 3301 illi
854 3252 966 3305 coaluit.
986 3253 1072 3301 latiae
1090 3250 1094 3318 Ι
1110 3256 1174 3302 auti·
1188 3253 1300 3312 didicit,
1321 3252 1430 3300 diutina
1443 3249 1629 3316 professione,
1652 3249 1695 3299 scd

400 3341 456 3388 etit
475 3338 646 3386 sitinii-atatis
667 3335 718 3385 sibi
732 3338 842 3385 uidetur
861 3338 895 3386 ob
912 3336 915 3399 Ι
932 3338 1101 3401 antiquitate
1120 3339 1239 3401 generis,
1260 3337 1329 3385 Nam
1342 3337 1451 3384 Iudaeus
1465 3342 1547 3384 natus
1567 3331 1616 3395 cst,
1638 3350 1695 3398 qun

401 3439 468 3487 gans
493 3422 637 3471 immodice
662 3418 806 3486 glattiatar
835 3421 868 3469 etc
893 3421 1047 3483 stantiam,
1077 3419 1265 3470 uetustissimo
1292 3418 1317 3469 sc
1343 3421 1477 3485 originem
1506 3420 1619 3468 siucero.
1656 3419 1696 3467 An

401 3511 464 3558 anto
484 3505 648 3571 trapitiisatua
668 3503 714 3566 sit,
740 3503 870 3554 nascitur.
907 3505 991 3553 (terto
1012 3502 1054 3553 cst
1073 3521 1133 3554 cuni
1152 3522 1206 3554 non
1226 3502 1284 3554 osse
1302 3503 1446 3570 phariseis,
1471 3504 1537 3567 quia
1556 3507 1591 3551 116
1610 3504 1698 3551 credit

400 3590 610 3656 ressurrectione}
623 3596 801 3650 mortaormn,
823 3590 922 3653 amoniti
940 3590 1011 3637 uiuit
1024 3589 1139 3653 perinde
1159 3594 1216 3654 atq3
1236 3605 1296 3639 cum
1316 3604 1428 3653 corpore
1449 3585 1484 3636 fit
1500 3586 1503 3650 Ι
1519 3592 1595 3637 totus
1616 3586 1697 3636 semel

401 3678 552 3742 periturus,
573 3675 642 3723 adca
662 3674 765 3723 utillum
779 3690 795 3721 a
810 3671 836 3722 se
850 3689 963 3738 prauam
984 3674 1114 3722 adiectum
1134 3671 1269 3737 abstinet,
1287 3671 1365 3738 tusq3
1380 3673 1415 3721 ad
1433 3669 1570 3721 insaniam
1589 3674 1698 3720 iracun—

401 3764 451 3812 dus
476 3759 531 3822 cst,
557 3759 656 3824 apianis
679 3756 826 3807 occasione
852 3758 960 3819 furens,
984 3755 1169 3821 nopotem-itis
1193 3760 1373 3821 arrogantia,
1399 3758 1527 3806 atiaritiae
1547 3758 1699 3822 inexplebi-

403 3930 444 3981 cst
463 3932 514 3995 qni
532 3931 577 3993 qai
597 3926 682 3993 possit
697 3924 701 3991 Ι
718 3927 861 3993 elaborato
882 3924 950 3990 stylo
970 3943 1069 3991 parare
1089 3926 1218 3990 gloriam,
1238 3927 1260 3976 st
1278 3928 1369 3991 peior,
1390 3928 1506 3991 quiqui
1525 3928 1570 3975 uct
1585 3934 1701 3976 conetur

402 4018 430 4063 in
450 4013 631 4079 ar-tgumcnto
650 4010 773 4061 honesto.
810 4011 913 4071 Atilii,
933 4028 967 4060 nc
981 4009 1103 4063 nescias.
1124 4010 1206 4061 cessit
1219 4009 1388 4061 faelicissimo
1404 4010 1531 4060 simulata
1545 4009 1700 4074 delicatio,

403 4097 625 4148 adCiiristiaaos.
644 4098 749 4146 Nactus
764 4096 867 4144 euthia
882 4094 922 4145 cst
936 4092 1029 4143 ansam
1044 4097 1206 4160 artoptatam
1220 4093 1436 4159 illustritdibtosi
1450 4093 1489 4144 sui
1501 4093 1701 4145 &obscurandi

402 4181 503 4233 Christi
515 4182 640 4245 glciriam,
654 4181 779 4245 quiahoc
795 4177 885 4229 seculo
900 4183 974 4244 cepit
986 4178 1191 4250 sc-tflorescerc,
1205 4178 1387 4229 flaccescente
1400 4176 1575 4244 superstitiose
1585 4180 1607 4229 st
1619 4179 1701 4246 pesti·

403 4269 470 4318 toris
490 4267 599 4316 hoinimi
618 4263 843 4327 traditiuaeuttis.
879 4266 951 4329 ltaq3
967 4262 1115 4314 instructus
1134 4264 1224 4313 literis
1243 4265 1395 4329 pontificiis
1413 4280 1501 4329 nuper
1513 4265 1591 4313 uenit
1611 4265 1702 4329 perdi·

403 4360 492 4411 turus,
514 4352 617 4415 spientis
634 4347 638 4414 Ι
654 4347 757 4415 potest,
778 4349 882 4413 optima
901 4363 996 4414 quiaqi,
1025 4349 1057 4397 Id
1076 4364 1124 4398 uos
1138 4349 1249 4398 candidi
1262 4349 1381 4399 lectores
1394 4348 1463 4399 scire
1478 4348 1563 4399 uolui.
1582 4344 1702 4412 Veleia-i

697 4434 766 4483 Haec
786 4432 872 4483 affixa
890 4434 1001 4482 fuerant
1020 4432 1155 4495 Coloniae,
1176 4435 1325 4483 Dominica
1342 4430 1403 4499 post

818 4519 937 4567 omnium
959 4516 1127 4578 sanctorum,
1148 4534 1175 4567 u.
1196 4534 1221 4567 n.
1241 4534 1286 4567 xx.

472 4609 531 4657 Hoc
549 4608 688 4669 exemplum
704 4610 805 4654 secutas
824 4609 861 4652 est
1511 4642 1517 4650 ,

471 4692 486 4742 3
504 4711 538 4737 =
555 4689 702 4740 ttiinchius
713 4690 783 4753 Epp.
803 4688 878 4736 absc.
898 4688 980 4737 viror.
994 4688 1071 4751 Lips.
1087 4685 1161 4734 1827.
1180 4685 1216 4734 8⁰.
1235 4702 1261 4750 p.
1276 4679 1415 4736 325...350.
1435 4690 1486 4751 qui,
1505 4689 1636 4737 utsolitus
1644 4689 1704 4749 snit,

403 4794 439 4827 em
456 4779 512 4825 aliis
530 4778 692 4839 nepteyenter
708 4771 905 4820 transcribenda
923 4774 962 4819 ael
979 4772 1010 4819 de
1029 4773 1107 4833 ipsius
1125 4771 1203 4819 libelli
1219 4772 1329 4820 editione
1344 4771 1415 4833 salsa
1429 4773 1548 4834 protulit.

472 4863 611 4910 liuttennm
628 4860 698 4906 titirus
716 4858 813 4919 dialopi
829 4874 878 4905 non
897 4863 1025 4904 auctorem
1042 4870 1098 4902 esse
1115 4855 1163 4903 sed
1180 4857 1305 4904 allicuisse
1322 4856 1475 4918 scriptorem
1488 4856 1554 4904 idem
1566 4858 1608 4905 itte
1622 4856 1706 4921 Spon-

403 4952 454 5011 pia·
472 4945 613 4994 Erasinieee
632 4945 699 4992 loeus
716 4941 810 5004 probat
829 4957 899 5005 picem
917 4940 1064 4996 districtius,
1082 4945 1109 4986 ut
1127 4939 1289 4988 liuttenicnm
1304 4940 1409 5000 faceret
1427 4940 1562 5004 diatonum,
1581 4945 1706 5005 protulit:

406 5031 494 5092 „Haee
548 5028 602 5077 sibi
622 5025 750 5076 conscius
769 5029 812 5073 est
830 5025 876 5088 qui
894 5023 1008 5088 scripsit
1025 5022 1165 5087 dialogum
1184 5019 1361 5087 [llerrnannus
1373 5021 1535 5087 Buscbiust]
1554 5030 1583 5074 et
1603 5027 1650 5090 qui
1664 5025 1707 5075 illi

795 5110 849 5157 fuit
867 5110 895 5155 in
915 5105 1031 5156 consilio
1049 5104 1081 5170 [i.
1095 5099 1116 5154 e'.
1132 5104 1301 5171 HnttennsJ.”
