4067 6209
351 798 469 850 nvn.
492 812 618 850 nram
630 812 668 849 to
680 813 864 851 uvnovtcnvrr
876 814 912 850 oe
926 814 1037 851 marna
1050 814 1271 862 corcoriacum.
1290 810 1357 853 nat.
1366 818 1423 855 rvr.
1433 811 1491 853 tert.
1528 787 1576 859 47

278 968 361 1031 selus
382 986 443 1030 uon
466 988 514 1030 es:
536 968 629 1031 habes
650 978 712 1030 tres
734 968 817 1038 illios,
841 971 958 1049 optimae
974 972 1037 1049 spei
1051 972 1180 1041 iuvenes,
1203 979 1291 1052 atque
1312 973 1419 1033 horum
1434 974 1579 1033 maximus

279 1080 350 1132 natu
373 1071 561 1132 Ludovicbus
582 1079 612 1145 et
633 1073 756 1132 maritus
778 1079 823 1133 est
845 1079 874 1132 et
895 1080 993 1150 pater;
1025 1072 1116 1133 habes
1137 1072 1240 1144 liliam,
1274 1082 1304 1134 et
1330 1076 1424 1152 ipsam
1452 1083 1577 1136 matrem
1629 1139 1635 1149 ‚

280 1191 315 1234 ex
339 1172 421 1234 claro
443 1175 542 1253 equite
563 1172 696 1254 Zeysollo
718 1173 755 1234 de
777 1174 985 1252 Roseuberglr:
1015 1174 1052 1235 ab
1075 1174 1120 1234 his
1142 1174 1329 1255 desyderium
1352 1177 1462 1238 resarci
1483 1184 1575 1238 tuum.

282 1275 330 1336 Sic
352 1275 469 1354 lugere,
492 1277 535 1335 sic
556 1276 674 1354 proiici,
697 1277 803 1355 ingrati
825 1275 949 1336 deorum
972 1276 1122 1337 beneficiis
1135 1277 1232 1336 animi
1248 1284 1299 1338 est.
1337 1296 1433 1358 neque
1447 1285 1631 1358 unquamta.

263 1376 429 1456 sputabuut
450 1395 482 1438 se
504 1379 595 1438 amari
618 1377 671 1438 abs
693 1385 721 1438 te
743 1378 773 1437 bi
803 1385 862 1437 tam
889 1376 969 1455 digni
996 1396 1097 1438 amore
1124 1377 1224 1449 liberi,
1256 1380 1280 1437 si
1310 1397 1341 1440 se
1370 1381 1444 1441 adeo
1471 1379 1578 1459 negligi

284 1480 422 1549 viderint,
445 1487 479 1539 ut
493 1478 569 1539 nolis
583 1480 680 1539 rivere
702 1487 731 1539 et
752 1478 832 1540 luctu
855 1498 958 1539 vacare
981 1487 1056 1539 etse
1072 1480 1139 1540 lrui.
1176 1479 1218 1540 lta
1233 1481 1321 1541 istum
1337 1488 1486 1542 mortuum
1502 1480 1578 1552 dole,

284 1591 316 1642 ut
337 1589 366 1642 et
388 1582 444 1642 bos
465 1599 606 1660 agnoscas
629 1587 658 1641 et
677 1580 731 1641 tibi
754 1589 890 1641 constes.
917 1583 1081 1661 Antequam
1102 1581 1156 1641 tibi
1177 1590 1263 1643 natus
1285 1590 1362 1644 esset
1383 1582 1468 1654 lilius,
1490 1583 1635 1649 catenes.

284 1683 403 1762 quidem
425 1683 548 1762 optabas
570 1682 622 1743 tibi
645 1684 823 1761 contingere,
847 1682 941 1761 qualis
963 1682 1011 1743 hic
1035 1684 1103 1753 luit;
1127 1684 1178 1744 sed
1202 1691 1230 1745 et
1252 1684 1346 1746 donec
1368 1704 1427 1746 uon
1450 1686 1579 1763 contigit,

284 1803 369 1864 aequo
391 1785 470 1845 luisti
492 1786 604 1854 auimo,
633 1802 700 1846 cum
722 1786 814 1845 scires
836 1783 872 1843 ad
895 1793 1029 1845 nostrum
1052 1784 1205 1846 arbitrium
1228 1766 1299 1847 nibil
1324 1789 1353 1846 iu
1381 1786 1471 1848 rebus
1497 1788 1579 1857 verti,

254 1894 316 1947 rtet
335 1886 432 1965 siquid
455 1894 563 1965 prater
584 1893 716 1963 optatum
737 1886 823 1947 uobis
845 1887 972 1957 eveniat,
1001 1887 1149 1951 nemiuem
1172 1888 1246 1949 adeo
1267 1888 1403 1959 stultum,
1433 1888 1507 1949 adeo
1529 1888 1580 1949 de·

285 1996 415 2050 mentem
437 2007 502 2050 esse
524 1987 649 2056 debere,
678 1989 727 2066 qui
749 1987 796 2049 vel
817 1987 969 2066 indignum
992 1987 1049 2048 hoe
1071 1988 1148 2049 dicat
1169 1989 1214 2050 vel
1237 1997 1354 2051 accuset
1380 1989 1487 2051 deum.
1521 1989 1580 2050 Sed
1593 1993 1638 2045 §.t

286 2109 344 2150 uon
366 2091 418 2151 diu
440 2098 484 2151 est
505 2097 622 2168 sperata
644 2089 696 2149 abs
718 2096 747 2150 te
769 2089 911 2150 eiusmodi
934 2070 1048 2167 proles:
1080 2092 1139 2150 sive
1161 2092 1238 2151 euim
1261 2090 1357 2170 aliqua
1379 2091 1426 2151 dei
1449 2092 1580 2168 benigni·

285 2200 359 2261 tate,
382 2194 443 2253 sive
465 2210 534 2253 casu
556 2200 586 2252 et
607 2191 732 2269 propitia
754 2199 824 2251 tuuc
846 2192 977 2261 lortuua,
1006 2200 1093 2252 natus
1115 2192 1166 2252 tibi
1189 2211 1264 2253 rarae
1286 2194 1401 2253 virtutis
1422 2191 1499 2253 lilius
1520 2200 1580 2262 est:

286 2302 374 2374 atque
395 2295 421 2354 is
444 2312 511 2355 cum
534 2301 637 2369 suapte
658 2294 764 2353 virtute
786 2295 952 2354 universam
975 2295 1058 2371 prins
1073 2294 1260 2354 Germaniam
1280 2293 1378 2355 studio
1400 2296 1445 2354 sui
1468 2294 1581 2355 lullum·

255 2404 409 2464 rimasset,
433 2393 586 2455 occubuit:
610 2383 768 2472 utrumque
790 2393 862 2454 nihil
885 2403 944 2465 θεῖ,
973 2401 1003 2455 θῖ
1025 2395 1103 2473 quod
1125 2402 1211 2456 uatus
1233 2404 1291 2466 est,
1321 2403 1350 2456 et
1371 2396 1450 2475 quod
1473 2397 1516 2456 sic
1536 2397 1580 2456 iu·

287 2498 379 2558 teriit:
403 2515 457 2557 cur
479 2497 557 2556 euim
579 2497 672 2574 magis
694 2495 775 2557 doles
798 2495 942 2566 ablatum,
972 2515 1060 2575 quam
1083 2516 1141 2558 uon
1164 2505 1232 2558 nato
1254 2497 1369 2561 solebas
1397 2498 1581 2559 contristarit

287 2599 328 2660 Ac
349 2600 449 2660 nescio
471 2616 508 2658 an
531 2599 657 2675 optatior
683 2599 709 2658 ei
736 2616 817 2658 mors
845 2597 978 2659 accidere
1005 2601 1148 2676 potuerit:
1183 2584 1290 2660 occidit
1317 2601 1394 2661 enim
1425 2606 1581 2679 postquam
1590 2616 1609 2667 t.
1618 2618 1648 2662 ro.

288 2699 448 2762 clarissima
470 2701 588 2779 optimae
609 2699 715 2760 indolis
736 2701 913 2760 monimenta
936 2718 971 2760 ac
992 2699 1220 2762 laudatissimam
1248 2702 1292 2762 sui
1320 2703 1493 2763 memoriam
1515 2702 1584 2763 reli·

260 2788 263 2796 ⁴
289 2804 399 2883 quisset
420 2801 570 2871 omnibus,
593 2821 610 2861 e
632 2801 792 2881 desyderio·
807 2821 841 2861 ac
863 2803 1000 2879 opinione
1023 2802 1174 2864 homiuum
1197 2802 1234 2863 de
1256 2821 1289 2864 se
1309 2805 1426 2882 optima,
1450 2823 1515 2884 quae
1529 2821 1584 2883 per

256 2903 445 2965 nllerculem
468 2904 575 2965 mutari
597 2921 756 2982 progressu
779 2905 920 2981 temporis
942 2894 1051 2981 poluit,
1080 2923 1159 2972 nuuc
1187 2913 1215 2965 θῖ
1237 2903 1323 2983 plena
1350 2914 1379 2966 et
1401 2905 1493 2966 subdu
1515 2923 1583 2985 per·

290 3015 406 3068 manet.
440 3005 551 3076 Quodsi
573 3023 609 3065 ex
631 3011 682 3065 tuo
706 3013 771 3064 voto
793 3006 868 3065 morl
891 3005 1055 3076 debuisset,
1089 3024 1186 3066 nonne
1215 3006 1273 3067 hoe
1299 3014 1412 3067 tantum
1442 3014 1582 3084 optasses,
1594 3027 1651 3078 cu.

291 3116 324 3169 ut
344 3107 471 3187 aliquam
494 3106 646 3184 probitatis
669 3124 704 3166 ac
725 3107 900 3168 innocentia
922 3108 1030 3168 lamam
1053 3115 1119 3185 post
1141 3127 1172 3168 se
1194 3106 1392 3186 relinqueret?
1414 3114 1443 3167 at
1461 3110 1526 3187 quis
1541 3106 1584 3169 rel

293 3217 391 3270 nostra
412 3210 555 3270 memoria
576 3207 621 3269 vel
643 3216 759 3286 patrum
782 3207 924 3269 relatione
945 3210 984 3268 ita
1007 3216 1143 3270 mortuus
1166 3215 1218 3278 est,
1241 3217 1274 3269 ut
1296 3213 1358 3269 eius
1380 3209 1467 3268 vitam
1483 3226 1586 3269 omnes

294 3308 459 3380 laudarent,
488 3317 614 3371 mortem
640 3328 711 3370 vero
738 3311 820 3388 qnasi
848 3329 1036 3372 communem
1064 3311 1209 3391 quandam
1239 3309 1427 3372 acerbitatem
1448 3308 1529 3371 luctu
1552 3328 1587 3371 ao

261 3429 420 3475 tsmoerore
442 3412 711 3490 prosequerentur?
733 3411 798 3471 Nou
820 3413 864 3481 hi,
888 3412 971 3482 dico,
1000 3414 1050 3492 qui
1072 3414 1102 3473 iu
1126 3414 1241 3483 Suevis,
1271 3413 1392 3472 Francis
1413 3418 1464 3472 aut
1485 3411 1586 3471 vicinis

296 3514 371 3574 iuxta
393 3513 466 3574 locis
487 3522 571 3583 suut,
594 3532 697 3574 omues
718 3513 784 3574 dico
799 3515 938 3575 Germani
960 3515 1199 3592 significationem
1222 3533 1282 3575 suae
1305 3532 1374 3592 erga
1395 3521 1479 3573 tanim
1494 3512 1585 3573 lilium

296 3615 448 3677 voluntatis
469 3622 499 3676 et
519 3616 583 3675 viro
603 3614 653 3675 illo
676 3622 706 3676 et
727 3622 843 3676 mortuo
866 3615 1029 3677 dederunt.
1066 3615 1127 3676 lam
1142 3614 1257 3694 longius
1277 3634 1395 3694 quoque
1414 3613 1587 3693 penetrabat
1596 3633 1615 3683 i.
1623 3633 1654 3678 u.

298 3717 357 3779 eius
378 3718 471 3786 lama,
505 3717 557 3778 sed
579 3717 709 3778 nondum
732 3723 829 3777 tantus
843 3726 929 3788 erat,
963 3725 1119 3797 antequam
1141 3718 1183 3777 sic
1211 3724 1392 3778 moreretur:
1427 3734 1462 3776 ex
1491 3722 1587 3776 morte

299 3821 405 3889 enituit,
429 3820 512 3880 cuius
533 3818 615 3880 illum
637 3815 748 3879 novitas
769 3818 982 3897 inextinguibili
1004 3818 1186 3879 claritudinis
1200 3817 1357 3895 splendore
1372 3818 1474 3878 erexit.
1512 3815 1654 3884 illudere

268 3921 393 4000 scitaque
415 3919 500 3982 facile
520 3920 574 3980 tibi
596 3920 740 3989 concedo,
774 3921 895 3998 dignum
917 3922 1006 3982 luisse
1034 3922 1084 3999 qui
1113 3928 1142 3980 et
1168 3921 1277 3981 viveret
1306 3917 1415 3980 diutius
1442 3926 1471 3980 et
1497 3918 1589 3979 levius

299 4031 476 4091 nuceretum
507 4022 565 4084 boc
587 4040 678 4100 nego,
708 4021 897 4083 illustriorem
920 4023 1028 4084 lamam
1050 4022 1095 4084 vel
1117 4021 1209 4084 levius
1230 4021 1384 4084 moriendo
1406 4020 1451 4081 vel
1472 4020 1589 4101 lougius

299 4125 417 4187 viveudo
439 4124 570 4203 potuisse
592 4125 749 4204 consequi.
783 4123 1058 4202 Utcunquetamen
1080 4125 1221 4194 aestimas,
1250 4142 1372 4186 necesse
1401 4130 1446 4186 est
1468 4142 1501 4185 ea
1524 4130 1656 4202 quotu.

274 4224 479 4295 'coemerunt
513 4226 592 4286 lerre
613 4244 698 4305 aequo
719 4227 836 4286 ammo.
870 4243 937 4285 nam
961 4227 1009 4303 qui
1040 4225 1149 4288 liberos
1178 4234 1332 4305 procreat,
1366 4226 1446 4287 hunc
1471 4225 1589 4287 illorum

299 4344 413 4407 quoque
436 4345 521 4388 casus
543 4346 577 4388 ac
598 4328 731 4389 lortunas
752 4336 886 4406 spectare
908 4330 1062 4388 convenit.
1097 4330 1168 4390 dare
1190 4336 1241 4390 tuo
1263 4329 1322 4389 lilio
1348 4330 1434 4388 vitam
1461 4325 1589 4405 potuisti,

270 4431 360 4491 aritae
382 4430 541 4490 terminum
562 4437 691 4490 statuere
713 4447 771 4489 non
794 4430 922 4508 potuisti.
955 4429 1053 4500 Quare
1075 4430 1151 4491 hano
1174 4428 1366 4491 calamitatem
1387 4446 1476 4508 quam
1495 4442 1655 4496 vocastis

299 4549 354 4591 nou
377 4531 431 4592 alia
453 4532 567 4591 ratione
589 4532 740 4600 evitasses,
773 4549 861 4609 quam
883 4532 989 4591 sinon
1011 4533 1163 4610 genuisses
1190 4530 1299 4591 lilium.
1334 4538 1363 4590 at
1390 4532 1511 4608 gignere
1539 4529 1591 4607 qni

220 4651 226 4662 ·
300 4632 426 4702 voluisti,
449 4634 532 4693 cuius
554 4641 680 4694 mortem
704 4634 781 4694 lerre
803 4632 914 4693 nolles?
936 4650 973 4693 au
995 4635 1093 4694 miuus
1115 4650 1151 4692 ex
1174 4639 1278 4691 natura
1301 4638 1345 4691 est
1366 4632 1486 4690 interire
1502 4647 1590 4708 quam

299 4735 397 4795 uaseii
427 4734 523 4794 Credo
555 4733 657 4795 malles
684 4752 743 4794 nou
772 4735 922 4812 genuisse,
955 4752 1043 4813 quam
1075 4735 1117 4793 sio
1143 4731 1272 4792 ablatum
1301 4730 1418 4799 dolere;
1457 4739 1486 4791 at
1512 4729 1591 4790 illam

299 4835 468 4913 praeclaram
491 4835 607 4898 laudem
630 4854 688 4895 nou
711 4835 842 4906 tulisses,
874 4838 904 4896 iu
927 4853 984 4913 qua
1007 4835 1091 4903 vixit,
1125 4832 1205 4894 illam
1227 4830 1486 4910 incomparabilem
1508 4833 1592 4892 iuno·

365 5040 534 5105 ⁸Zeyuolt‘ue
550 5041 672 5091 [arderici
683 5036 889 5105 Hutteni'gener.
933 5037 980 5088 ⁴ei
993 5038 1093 5104 projici
1106 5040 1131 5087 2.
1169 5037 1337 5089 coelestibus
1349 5036 1412 5087 ben.
1425 5032 1474 5085 3¹¹.
1521 5034 1624 5085 ’lios'

301 5126 411 5178 interim
430 5143 494 5193 agn.
508 5124 554 5178 3¹¹.
608 5124 628 5159 ¹¹
641 5126 687 5177 vel
698 5123 829 5178 deteret.
864 5123 1129 5193 ¹²¹⁰perchristnm
1144 5123 1191 5176 ³¹¹.
