4067 6209
413 795 521 851 CXXX.
540 811 645 847 enisus
658 812 721 847 non.
735 811 772 846 sn
786 809 869 847 nvnc.
883 809 918 846 ns
932 809 1028 846 τηου
1041 809 1116 846 nono
1130 810 1172 845 cr.
1186 809 1213 845 n.
1227 802 1260 849 ²³.
1275 810 1331 847 svn.
1347 802 1408 847 isis.
1488 781 1563 858 285

269 972 391 1029 bellatur
418 970 456 1029 cle
483 972 542 1028 uita
566 969 668 1041 futuri
694 971 800 1036 seculi,
829 976 861 1027 ul
886 984 1033 1041 riprioscas
1061 969 1137 1027 illuit
1161 985 1202 1027 ex
1230 971 1329 1028 anima
1348 971 1442 1043 loqui,
1471 988 1587 1045 neque*

268 1075 333 1131 siae
359 1073 469 1145 optima
495 1088 557 1146 spe.
602 1071 645 1129 Ac
672 1073 741 1128 talis
759 1071 864 1129 riorus
890 1077 934 1129 est
956 1072 1045 1129 etiam
1071 1071 1214 1128 inania:
1243 1080 1273 1129 et
1293 1079 1397 1146 postea
1423 1076 1635 1146 scrutaminis.

264 1179 372 1249 putent
396 1173 577 1231 Christianos
601 1188 660 1230 non
681 1174 809 1231 inueniri
829 1174 888 1231 nisi
907 1175 938 1231 in
956 1174 1159 1231 monasteriis:
1191 1175 1265 1230 tales
1285 1176 1362 1232 airas
1389 1174 1567 1232 cordatissi-

269 1293 334 1333 mus
361 1292 419 1333 ree
441 1277 472 1332 in
496 1274 649 1346 familiam
670 1290 755 1331 suum
783 1281 871 1346 alque
896 1274 972 1331 adeo
996 1276 1028 1331 in
1050 1274 1215 1333 cubiculum
1237 1290 1296 1333 non
1317 1277 1409 1333 solum
1432 1276 1566 1347 admittit,

249 1393 373 1434 suerum
401 1378 489 1433 etiam
511 1378 628 1446 inuitat,
660 1392 715 1433 uec
735 1377 839 1433 invitat
858 1376 959 1448 mocl0,
982 1391 1083 1435 taum
1104 1378 1191 1434 etiam
1202 1376 1375 1454 pertrabit·
1408 1376 1460 1435 lios
1480 1377 1569 1436 babel

270 1478 398 1536 arbitros
418 1493 456 1535 ac
475 1484 560 1535 testes
579 1482 738 1551 perpetuos
759 1480 826 1535 oitoe
846 1494 925 1548 sule,
944 1477 996 1536 lios
1014 1478 1103 1536 babet
1121 1479 1151 1535 in
1173 1479 1317 1549 consiliis,
1338 1478 1390 1536 lios
1406 1475 1495 1537 babet
1514 1482 1566 1537 itl-

269 1595 375 1636 nerom
393 1581 512 1637 conules
521 1600 532 1647 ,·
564 1579 602 1637 ab
624 1579 670 1636 leis
691 1581 800 1652 stipari
813 1579 928 1651 pandet
947 1580 1045 1653 potius
1067 1595 1156 1653 quam
1174 1581 1250 1636 lucu
1266 1579 1396 1652 perditis
1416 1581 1567 1663 iuuenibus

269 1688 323 1738 aut
339 1682 520 1739 mulierculis
548 1687 601 1738 aut
627 1682 716 1739 etiam
738 1682 882 1753 torquatis
904 1680 999 1739 Mittis
1026 1686 1079 1738 aut
1100 1683 1264 1755 iaspnceris
1289 1681 1412 1754 officiis,
1442 1699 1566 1756 quarum

270 1784 350 1840 alius
372 1782 414 1839 acl
437 1785 599 1857 uoluptates
622 1785 738 1856 ineptas
763 1790 877 1850 auocet,
908 1783 987 1840 alius
1008 1783 1053 1839 aci
1075 1783 1264 1856 tyrannidem
1287 1785 1462 1856 inflammet,
1489 1787 1567 1843 alias

237 1899 264 1939 10
273 1884 317 1941 aci
336 1884 531 1957 crepitantium
549 1886 693 1958 populum
715 1899 806 1941 nooas
826 1884 949 1942 tecltnas
970 1890 1121 1957 sapuerat.
1157 1884 1194 1941 Iu
1213 1884 1272 1943 bac
1292 1888 1364 1943 aula
1386 1888 1413 1943 si
1434 1888 1563 1959 vixisses,
1575 1900 1634 1950 §.m

270 1985 412 2055 Hancne,
439 1993 487 2043 sal
511 1988 572 2045 scio
599 2002 719 2043 rursum
747 1988 839 2043 aliam
862 1988 964 2043 aulam
986 1985 1170 2044 describeres
1190 1992 1219 2044 et
1239 1988 1380 2045 misaulas
1399 2004 1462 2046 esse
1483 1988 1567 2046 clesi-

270 2104 371 2157 neres,
401 2104 572 2161 quanquum
602 2094 633 2145 tu
666 2103 780 2160 quaque
810 2103 877 2146 cum
902 2102 936 2145 ea
959 2088 1101 2160 principe
1129 2088 1215 2156 uiuis,
1246 2094 1278 2145 ut
1302 2091 1490 2161 inteoriorem
1512 2107 1567 2149 nec

270 2197 376 2263 aptare
395 2192 507 2263 possis·
540 2205 634 2262 neque
661 2188 768 2245 desunt
794 2190 847 2260 qui
872 2188 960 2246 rebus
984 2190 1101 2261 optimis
1124 2188 1266 2260 faveant,
1292 2193 1381 2248 ueluti
1400 2189 1567 2250 Slroruerus

270 2308 308 2349 ac
328 2291 454 2366 Coppus.
498 2291 561 2347 Sca
581 2290 655 2363 quill
674 2292 731 2346 isla
748 2292 890 2363 paucitas
907 2289 951 2346 acl
969 2296 1083 2348 tantum
1097 2306 1224 2349 cacumen
1246 2293 1404 2365 lusianium
1425 2296 1565 2367 uirorum,
1576 2305 1633 2356 §.iu
1690 2358 1698 2372 ,

237 2393 421 2462 isllloutioii,
454 2391 592 2462 Liruicrl,
626 2391 742 2463 Paceei,
775 2390 878 2462 Calai,
913 2389 1061 2464 Stocsleii,
1092 2391 1250 2464 Latimeri,
1282 2393 1376 2466 Mori,
1412 2392 1566 2468 Tuastalli,

272 2495 382 2552 Clerici
412 2500 500 2567 atque
529 2496 655 2551 aliorum
693 2492 739 2549 llis
771 2492 965 2563 adsimilium,
1002 2508 1126 2566 quorum
1159 2512 1353 2568 quemcunque
1392 2498 1565 2567 nominaris,

270 2596 414 2654 mundum
436 2598 563 2655 omnium
587 2597 724 2653 uirtutum
746 2594 1031 2674 acflisciplinarum
1050 2598 1139 2654 semel
1157 2596 1283 2654 diceris.
1318 2596 1397 2655 Milii
1413 2615 1482 2656 nero
1499 2616 1566 2672 spes
1576 2611 1635 2661 §.m

270 2703 314 2756 est
334 2697 569 2770 haudquaquam
590 2696 739 2768 iriilaaris,
756 2695 828 2767 sore
847 2704 879 2753 ut
893 2695 1044 2767 tibertus,
1067 2700 1186 2755 unicum
1206 2698 1252 2756 bis
1267 2699 1445 2772 temporibus
1459 2707 1569 2758 nostrae

273 2800 443 2858 Germanice
464 2804 684 2869 ornamentum,
706 2803 735 2856 et
751 2800 856 2872 plures
877 2799 926 2855 sui
944 2800 1054 2857 similes
1075 2801 1104 2856 in
1128 2814 1213 2857 suam
1233 2801 1346 2872 alleoat
1364 2800 1517 2872 familiam
1541 2810 1569 2860 et

236 2903 390 2959 incaeteris
414 2901 602 2975 principibus
624 2901 716 2972 pravi
737 2902 775 2957 sit
798 2902 948 2973 exemplo,
976 2908 1009 2957 ul
1031 2900 1108 2958 illem
1132 2907 1162 2958 et
1184 2902 1243 2974 ipsi
1262 2918 1326 2959 sule
1349 2905 1471 2976 quisque
1489 2903 1571 2961 eiomi

267 3001 376 3074 socere
394 3002 540 3060 studeant.
572 3000 672 3059 Habes
694 3003 849 3075 inopinem
871 3001 1072 3074 adoptimum
1093 3005 1249 3078 exemplar
1266 3019 1285 3059 a
1305 3005 1432 3091 pessimo
1453 3006 1637 3076 artificesns.

270 3121 330 3162 non
352 3106 458 3177 optime
481 3104 669 3162 delineatam.
716 3118 753 3160 ea
775 3102 827 3159 tibi
846 3104 942 3160 atinus
961 3104 1106 3176 placebit,
1128 3106 1156 3162 si
1174 3106 1323 3176 continuet
1343 3104 1460 3166 Morum
1484 3122 1569 3165 nosse

267 3208 414 3281 propius·
445 3206 501 3263 secl
521 3206 598 3263 illud
618 3211 715 3262 tamen
739 3206 855 3262 interim
878 3206 960 3276 carri,
984 3223 1021 3263 ne
1042 3184 1116 3263 aiibi
1130 3207 1225 3279 possis
1240 3207 1404 3279 implicuere
1421 3209 1501 3280 quoti
1517 3208 1571 3266 tibi

271 3311 370 3366 minus
388 3309 560 3380 paruerim,
590 3323 663 3365 nere
684 3321 802 3379 semper
824 3306 986 3379 opprobres
1008 3308 1130 3365 nimium
1152 3306 1253 3366 breues
1273 3309 1427 3381 epistolas
1455 3310 1571 3368 etiarnsi

236 3410 340 3469 isba’c
361 3426 416 3468 nec
437 3409 511 3496 milii
530 3408 671 3468 scribenti
691 3410 753 3466 aisa
775 3415 819 3465 est
838 3410 968 3479 lortpior,
991 3425 1047 3466 nec
1065 3408 1118 3466 tibi
1136 3410 1259 3481 tepenti,
1280 3415 1329 3466 sat
1349 3410 1424 3481 scio,
1443 3411 1568 3483 praliua

270 3511 435 3571 videbitur:
468 3511 501 3568 ut
518 3510 615 3582 saciet
629 3508 712 3568 Mori
732 3510 827 3567 nostri
847 3511 988 3566 srirroilas.
1029 3510 1151 3581 Verum,
1174 3527 1212 3568 ne
1232 3510 1308 3569 nibil
1329 3510 1373 3568 ad
1386 3518 1566 3585 postremam
1577 3525 1636 3578 §.m

270 3621 353 3672 tuam
380 3613 535 3687 epistolam
563 3612 775 3685 respondeam,
809 3626 898 3682 quam
924 3613 1012 3684 prins
1038 3628 1179 3670 etecusam
1208 3614 1269 3685 lupi
1297 3628 1386 3685 quum
1416 3615 1568 3687 scriptam,

270 3717 433 3776 clarissimi
452 3715 601 3789 principis
622 3714 735 3772 Alberti
752 3713 964 3771 bumanitatem
987 3728 1027 3770 eu
1049 3714 1142 3786 ipsius
1163 3715 1251 3771 etium
1274 3713 1318 3770 ad
1337 3730 1383 3772 me
1404 3716 1497 3773 literis
1517 3716 1568 3773 in-

271 3819 383 3877 telleri.
426 3817 482 3874 secl
504 3819 557 3890 qui
575 3831 675 3890 quiceso
695 3814 828 3887 sactum,
854 3821 886 3872 ut
904 3821 1013 3889 patero
1032 3816 1120 3889 prius
1141 3816 1184 3873 ati
1204 3832 1302 3874 omnes
1322 3819 1492 3890 pervenerit
1513 3820 1570 3876 tuis

238 3920 368 3986 soliteris
389 3935 477 3991 quarn
501 3918 545 3975 orl
563 3914 630 3976 me?
658 3925 738 3976 certe
755 3934 813 3991 per
837 3919 981 3975 neminem
1003 3918 1112 3975 certius
1129 3919 1243 3976 mittere
1264 3925 1384 3992 poteras
1403 3934 1492 3991 quam
1513 3935 1570 3993 per

271 4019 461 4080 Biclarcium
485 4020 638 4089 Paruum,
666 4020 846 4077 serenissimi
868 4017 985 4090 nuptia
1007 4022 1087 4091 repis
1112 4026 1272 4093 erectorem,
1301 4022 1361 4078 siae
1382 4035 1428 4078 me
1449 4019 1571 4079 liaberet

272 4121 526 4180 Brabanliasiae
546 4121 720 4179 Britannia.
769 4119 827 4191 Yu,
855 4127 998 4194 qiuartlum
1024 4121 1121 4189 uideo,
1153 4129 1182 4180 et
1206 4126 1324 4181 calrrmo
1347 4129 1376 4181 el
1395 4139 1464 4182 ense
1484 4139 1638 4197 ana-§.su
1691 4123 1693 4128 ⁴

272 4226 349 4283 aiter
366 4213 572 4296 betliperaris,
589 4240 644 4281 nec
660 4226 757 4281 minus
777 4230 875 4280 tamen
885 4222 1018 4294 feliciter
1029 4239 1118 4296 qaam
1133 4223 1272 4295 sortiter:
1293 4242 1363 4283 nam
1379 4226 1464 4299 apud
1482 4242 1570 4284 reae-

272 4327 480 4385 rentlissimum
503 4314 690 4384 cardinalem
708 4325 880 4383 Caietaaum
903 4325 994 4384 aridio
1014 4333 1042 4384 te
1055 4341 1196 4400 maprtam
1211 4330 1299 4386 etiam
1315 4331 1415 4386 iniisse
1426 4330 1570 4400 aratiam.

1521 4424 1538 4459 Ο

343 4525 349 4557 ¹
371 4526 447 4576 illum
461 4530 486 4576 2.
501 4543 558 4593 sqq.
579 4526 597 4559 ¹¹
619 4526 751 4577 misauius
765 4531 789 4576 7.
799 4528 823 4576 8.
860 4524 997 4592 μίσαυλος
1014 4532 1150 4593 scripserit
1162 4529 1293 4579 Erasmus.
1365 4526 1386 4561 ¹⁵
1404 4526 1571 4578 Stooschleii

274 4614 387 4662 1...·l.b.
429 4610 632 4664 Stoci'cheliii.
675 4611 920 4662 Stocichletiirs.
945 4614 1084 4674 „loannes
1101 4613 1259 4663 ¹Stooslcius
1282 4610 1447 4678 [Stolrcslcp]
1470 4618 1571 4677 prator

272 4696 471 4748 scholasticam
490 4697 563 4746 hanc
581 4697 766 4763 theologiam,
786 4699 814 4747 in
833 4714 887 4763 qun
900 4698 1003 4747 nemini
1016 4697 1104 4759 cedit,
1125 4697 1206 4746 trium
1226 4698 1310 4747 etiam
1328 4698 1483 4762 linguarum
1497 4698 1570 4747 haud

272 4783 428 4848 vulgariter
444 4784 562 4847 peritus,
579 4783 695 4832 asacris
708 4780 761 4847 [est
774 4784 877 4847 duplice
888 4779 985 4846 repi].''
1004 4782 1111 4851 Erasm.
1125 4781 1275 4831 Bombasio
1294 4782 1319 4830 d.
1334 4780 1375 4831 ⁸20.
1389 4781 1440 4831 Iul.
1455 4798 1480 4831 a.
1498 4782 1570 4832 1518.

273 4868 356 4932 (Opp.
371 4866 456 4915 Basil.
474 4866 546 4916 1540.
562 4872 626 4916 tom.
641 4867 689 4916 111.
705 4883 730 4931 p.
744 4866 786 4917 93.
823 4870 892 4934 Epp.
907 4868 949 4917 ed.
962 4867 996 4916 L.
1009 4866 1042 4915 B.
1059 4865 1218 4915 sibonum.
1233 4867 1417 4929 ocenum),
1439 4882 1499 4931 quar
1513 4870 1570 4933 opi·

230 4997 233 5003 ,
271 4952 510 5001 stoinceterorum
523 4967 629 5016 qnoque
643 4951 902 5002 h.i.1iomiuatorum
915 4950 1172 5016 Anglorumlaudes
1185 4951 1273 4999 fusius
1286 4953 1468 5015 prosequitur.
1499 4953 1571 5002 'Pon-

272 5036 453 5101 staiiilmqq.
507 5037 785 5108 ¹¹·assi1niiiu1nm.
834 5035 1041 5101 ¹¹est]et2.3.
1089 5033 1382 5090 ”deliniatamt...3.
1430 5034 1529 5088 nexo.
1545 5055 1570 5103 q

273 5123 484 5178 bonomium.
538 5119 560 5155 ¹¹
577 5122 706 5176 Britonis
720 5126 745 5173 7.
782 5123 906 5191 graviter
919 5123 978 5177 1.8.
1009 5118 1551 5195 811160]110118.11.1.οηιίε.2.εᾳᾳ.
