4067 6209
451 814 559 871 CXXX.
579 829 683 868 cassus
697 830 760 869 sos.
774 830 811 868 Aa
824 829 906 871 uvis.
920 828 956 868 nn
969 827 1065 869 suant
1078 827 1153 869 uano
1166 829 1209 868 ΕΡ.
1223 830 1250 868 n.
1262 820 1297 868 2³.
1310 827 1368 871 tit.
1385 822 1443 867 litt.
1515 794 1582 875 281

290 992 483 1070 precipuum
505 992 572 1049 oilie
600 993 778 1065 voluptatem
803 1004 916 1063 ponere
938 989 1084 1049 uideatur.
1129 986 1206 1047 Nam
1231 990 1350 1063 apila,
1373 993 1456 1063 alea,
1479 988 1661 1051 clarltssm.

296 1097 478 1169 caterisque*
491 1094 618 1163 lusibus,
648 1091 753 1167 quibas
776 1093 880 1164 vulqus
895 1106 1057 1165 procerum
1079 1093 1217 1165 temporis
1238 1092 1359 1151 ludium
1381 1095 1453 1153 solet
1470 1092 1592 1166 saltere,

295 1214 421 1273 prorsas
440 1196 588 1255 abliorrel.
633 1194 729 1253 Porro
750 1202 781 1252 al
800 1196 996 1267 propriarum
1018 1208 1120 1251 rerum
1144 1200 1188 1252 est
1208 1196 1418 1268 neqliqenlior,
1446 1197 1487 1254 ila
1509 1211 1593 1257 nemo

299 1300 470 1373 diliqentior
491 1302 522 1357 in
542 1294 688 1355 curandis
709 1297 871 1353 amicorum
890 1297 1029 1367 neqociis.
1077 1293 1153 1365 Ouid
1176 1292 1296 1354 miritis?
1316 1298 1409 1370 siquis
1431 1298 1593 1358 absolutum

276 1418 378 1459 saeroe
396 1402 536 1458 amicilia
554 1399 690 1471 requirat
710 1399 883 1470 exemplar,
905 1412 925 1453 a
947 1398 1063 1455 neatine
1084 1398 1192 1455 rectius
1208 1400 1331 1471 petierit
1348 1415 1436 1471 quam
1459 1400 1593 1461 aMoro.

296 1502 335 1562 In
357 1504 490 1561 conuictu
514 1507 574 1558 tam
599 1514 675 1558 rara
699 1500 820 1557 comitas
845 1514 883 1556 ac
909 1514 1024 1556 morum
1044 1501 1189 1567 suauitas,
1218 1506 1250 1558 ut
1271 1516 1355 1559 nemo
1378 1507 1438 1559 tam
1460 1504 1538 1561 tristi
1556 1506 1662 1562 siti-¹⁷·

298 1606 431 1680 inqenio,
453 1619 538 1677 quem
560 1617 617 1660 non
640 1599 804 1670 exhilaret,
827 1601 911 1657 nulla
934 1607 1060 1658 restam
1078 1607 1182 1672 atrox,
1203 1604 1288 1661 cuius
1309 1583 1430 1661 taidium
1448 1619 1506 1662 non
1528 1606 1594 1663 dis-

297 1708 399 1784 culiat.
444 1707 503 1763 iam
526 1703 596 1761 inde
618 1719 636 1760 a
656 1717 751 1776 puero
773 1703 817 1759 sic
839 1703 910 1760 iocis
931 1708 975 1760 est
997 1703 1173 1774 delectatus,
1200 1709 1234 1762 ul
1254 1704 1298 1762 ad
1317 1703 1369 1762 llos
1391 1711 1478 1764 uatus
1500 1708 1597 1767 uideri

296 1810 403 1883 possit,
431 1807 537 1864 sedin
559 1805 605 1863 liis
628 1820 683 1862 nec
703 1803 746 1860 ad
767 1803 977 1861 scurrilitatem
1000 1822 1092 1878 usque
1108 1821 1289 1879 propressus
1310 1812 1366 1877 est,
1393 1823 1448 1865 nec
1469 1809 1595 1866 morda-

267 1925 291 1968 io
300 1912 417 1969 citatem
441 1923 571 1981 nuquam
593 1907 712 1964 amauit.
753 1905 924 1964 adolescens
946 1907 1135 1965 comcedlolas
1155 1914 1184 1965 el
1202 1909 1322 1981 scripsit
1342 1915 1371 1966 et
1389 1910 1465 1980 epit·
1491 1909 1598 1982 siquod

299 2011 410 2068 dictum
431 2015 506 2068 esset
526 2010 650 2078 salsius,
678 2008 766 2065 etiam
794 2009 825 2064 in
852 2008 948 2080 ipsam
971 2016 1093 2081 tortum,
1122 2016 1220 2067 lamen
1243 2009 1377 2081 amabat,
1404 2012 1596 2084 usqueadeo

296 2112 410 2183 pandet
430 2111 541 2169 salibus
563 2111 679 2182 arqulis
698 2115 727 2166 et
746 2109 896 2180 inqeniam
918 2109 1130 2181 redolentibus,
1150 2111 1230 2169 ande
1249 2119 1278 2169 et
1291 2113 1514 2185 epiqrammatis
1528 2116 1598 2173 lusit

298 2215 411 2272 iuuenis
432 2220 460 2271 el
473 2212 607 2271 iliciana
627 2212 800 2285 cumprimis
821 2217 864 2267 est
885 2210 1064 2278 delectatus·
1096 2214 1167 2285 quin
1189 2214 1322 2284 etmihi,
1347 2221 1380 2272 ul
1401 2214 1518 2274 ollarias
1537 2233 1595 2275 en-

298 2317 423 2374 comium
440 2315 614 2384 scriberem,
636 2313 691 2371 lioc
710 2318 754 2370 est
774 2318 805 2369 ut
825 2314 956 2371 camelus
978 2315 1136 2385 soliarem,
1156 2312 1219 2384 suit
1239 2321 1353 2374 auctor.
1397 2316 1479 2377 Niliil
1498 2314 1663 2377 antemi-¹⁸·

266 2418 331 2480 isin
353 2417 440 2475 realis
461 2417 599 2475 numanis
620 2417 734 2475 oinium
755 2422 812 2486 est,
842 2417 921 2475 uiide
942 2416 992 2473 ille
1012 2431 1070 2473 nan
1094 2423 1214 2473 uenelur
1236 2419 1427 2491 uoluptatem,
1455 2420 1543 2477 etiam
1565 2422 1596 2477 ia

298 2519 387 2577 relius
409 2522 539 2578 mxime
560 2521 662 2577 seriis:
694 2519 722 2576 si
741 2533 808 2575 cum
830 2517 955 2575 eruditis
974 2523 1003 2575 et
1024 2518 1156 2576 cordatis
1177 2534 1226 2576 res
1247 2525 1303 2590 est,
1327 2519 1492 2578 delectatur
1508 2522 1597 2593 inqe-

299 2623 365 2688 nio,·
393 2622 422 2678 si
439 2637 506 2679 cum
528 2621 654 2679 indoctis
681 2636 719 2678 ac
746 2620 854 2689 stultis,
878 2618 998 2690 fruitur
1023 2621 1142 2678 illorum
1169 2622 1316 2688 stulticia·
1353 2637 1408 2679 nec
1432 2620 1597 2694 offenditur

299 2722 491 2794 morionibus,
514 2724 591 2780 mira
614 2722 791 2781 dexteritate
812 2721 856 2778 ad
876 2722 1004 2779 omnium
1027 2720 1154 2793 affectus
1172 2727 1235 2781 sese
1254 2724 1490 2782 accommodans.
1524 2724 1595 2781 Cum
1606 2733 1664 2784 §.tn

299 2824 471 2883 mulieribus
490 2823 574 2896 sere,
600 2832 689 2898 alque
709 2824 797 2881 etiam
819 2838 886 2881 cum
914 2838 1010 2881 naara
1038 2839 1095 2881 nan
1125 2826 1185 2882 nisi
1210 2826 1293 2883 lasus
1319 2826 1453 2898 iocosque
1481 2832 1598 2884 tractat.

264 2926 424 2987 ooliiceres
447 2928 573 2984 altarum
592 2924 741 2998 qualidum
759 2941 822 2983 csse
842 2924 1041 2983 Democritum
1069 2931 1123 2982 aut
1142 2928 1242 3000 polius
1263 2926 1494 3001 quliaqoricum
1515 2929 1598 2986 iilam

296 3027 505 3103 philosopham
527 3029 579 3100 qui
598 3043 707 3085 veiculis
731 3027 831 3084 anima
848 3042 907 3099 per
920 3035 1084 3086 mercatum
1100 3028 1292 3085 ooaaioalaas
1308 3030 1525 3102 contemplatur
1546 3036 1597 3088 tu-

281 3132 408 3188 ·mullus
435 3131 621 3188 vendentium
650 3136 738 3201 alque
764 3130 929 3186 ementium.
980 3145 1065 3187 nemo
1089 3132 1185 3186 ruinas
1212 3128 1333 3187 dulcitur
1364 3131 1447 3201 uulqi
1477 3131 1596 3200 iudicio,

299 3232 353 3290 sed
380 3248 485 3289 rursus
513 3248 597 3290 acmo
619 3232 715 3288 minus
742 3230 823 3287 abest
849 3246 868 3286 a
896 3246 984 3288 sensu
1011 3231 1167 3288 communi.
1211 3229 1372 3304 Prcccipua
1395 3231 1441 3288 illi
1463 3232 1665 3304 uoluptas-sao.

300 3339 344 3391 csl
364 3341 500 3407 spectare
516 3333 651 3405 formas,
678 3334 799 3403 inpenia
821 3338 850 3390 et
868 3330 995 3403 affectus
1023 3332 1206 3390 diuersorum
1228 3333 1440 3390 animantium:
1469 3333 1599 3406 proinde
1629 3330 1639 3346 ’

265 3438 417 3496 osuulliim
442 3434 512 3506 sere
536 3451 632 3508 qerrus
652 3441 696 3492 est
718 3436 831 3505 atium,
860 3433 940 3506 quod
961 3433 1042 3492 domi
1060 3450 1119 3491 non
1141 3434 1221 3501 alat;
1252 3434 1360 3507 siquod
1380 3433 1468 3491 aliud
1486 3435 1601 3491 animai

302 3540 389 3610 aulqo
410 3518 531 3609 rarum,
561 3538 651 3594 ueluti
670 3538 771 3607 simia,
792 3538 908 3608 uulpes,
928 3536 1063 3605 ainerio,
1088 3536 1211 3593 mustela
1232 3542 1261 3593 et
1280 3535 1326 3593 liis
1347 3537 1526 3605 consimilia,
1557 3534 1601 3592 ad

301 3640 367 3698 neec
384 3639 485 3712 siquid
503 3642 651 3698 exoticam
669 3643 722 3694 aut
749 3638 862 3709 alioqui
882 3636 1077 3709 spectandum
1098 3643 1253 3707 occurrat,
1280 3637 1449 3695 aridissime
1470 3638 1601 3695 mercari

301 3744 388 3809 solet,·
420 3751 507 3814 atquc
529 3741 575 3799 iiis
596 3740 684 3802 relisis
703 3738 835 3810 undique
856 3737 974 3796 domum
995 3736 1084 3794 isabel
1102 3738 1294 3813 instructam,
1319 3746 1515 3811 utnusquam
1540 3754 1599 3797 non

301 3846 340 3902 sit
365 3844 479 3901 obuium
508 3843 589 3917 quod
618 3844 716 3901 oculas
745 3840 973 3912 inpredienliian
1001 3839 1187 3907 demoretur,·
1221 3856 1258 3898 ac
1286 3842 1366 3898 toties
1396 3841 1453 3899 sibi
1477 3845 1601 3899 renouat

264 3948 492 4020 mooluptatem
520 3947 631 4018 quoties
656 3945 731 4001 alios
757 3944 902 4017 conspicit
927 3942 1078 4000 oblectari.
1125 3942 1196 3999 Cum
1222 3948 1296 3999 celas
1320 3940 1434 4017 ferret,
1463 3958 1521 4002 non
1540 3943 1667 4005 ah-§.in

301 4048 418 4106 horruit
439 4064 459 4105 a
478 4048 649 4121 puellarum
672 4045 836 4116 amoribus,
861 4044 916 4102 sed
935 4046 1013 4102 citra
1036 4044 1194 4116 infamiam
1217 4053 1245 4102 et
1262 4046 1306 4103 sic
1327 4049 1359 4102 ut
1379 4043 1484 4103 allatis
1504 4046 1600 4117 maqis

297 4149 456 4221 frueretur
483 4165 573 4222 quam
601 4150 745 4224 captatis,
779 4153 808 4205 el
834 4148 933 4204 (inimo
959 4152 1059 4204 mutuo
1087 4152 1248 4220 caperetur
1270 4148 1370 4220 polius
1395 4162 1484 4219 quam
1511 4149 1599 4206 coitu.

301 4249 405 4309 Bonas
427 4253 530 4310 literas
559 4266 578 4306 a
601 4251 711 4323 primis
733 4250 830 4306 statim
852 4250 940 4306 arinis
961 4248 1120 4306 liauseral:
1155 4249 1267 4307 iuvenis
1288 4248 1332 4306 ad
1353 4248 1477 4307 Grcecas
1497 4251 1599 4308 literas
1609 4265 1670 4316 soi.

301 4369 339 4411 ac
359 4353 559 4427 pliilosopliile
586 4353 713 4409 studium
742 4367 805 4409 sese
832 4351 992 4423 applicuit,
1024 4350 1100 4408 adeo
1133 4365 1191 4408 non
1218 4352 1382 4423 opitulante
1406 4357 1512 4423 patre,
1538 4352 1601 4408 niro

266 4456 414 4528 malioqui
435 4455 591 4528 prudenti,
604 4452 773 4528 probaque,
803 4458 834 4509 nt
854 4469 891 4510 ea
920 4459 1073 4510 conantem
1099 4454 1180 4510 omni
1204 4451 1334 4510 subsidio
1357 4452 1538 4521 destitueret,
1564 4466 1601 4508 ac

297 4573 375 4630 pene
398 4572 460 4631 pro
485 4557 625 4615 aoaieaio
652 4555 787 4624 incineret,
814 4554 894 4627 quod
920 4570 939 4610 a
963 4554 1075 4627 patriis
1102 4552 1207 4610 studiis
1239 4553 1405 4611 desciscere
1434 4552 1600 4610 uideretur:

300 4674 370 4715 nam
396 4661 422 4716 is
445 4657 694 4716 Britannicarum
717 4659 815 4729 lequm
839 4656 979 4728 peritiam
1002 4655 1174 4728 profitetur,
1205 4650 1272 4725 quie
1288 4650 1439 4726 professio
1462 4660 1494 4710 ut
1511 4659 1555 4711 est
1578 4669 1669 4720 ains.

225 4798 232 4811 .
300 4761 377 4817 aeris
401 4761 494 4818 auris
521 4761 722 4830 alienissima,
754 4760 796 4815 ila
825 4756 911 4831 apud
935 4753 1101 4813 Britannos
1127 4755 1300 4826 cumprimis
1323 4754 1470 4812 lialrenlar
1498 4757 1601 4827 maqni

299 4863 436 4935 clarique
460 4863 513 4933 qui
539 4863 570 4919 in
598 4860 653 4919 lioc
677 4876 788 4933 qenere
808 4858 866 4916 sibl
886 4864 1043 4931 pararunt
1063 4856 1286 4924 auctoritatem·
1313 4872 1368 4914 nec
1390 4861 1497 4915 temere
1516 4855 1603 4930 apud

368 5079 505 5146 ¹chartis]
522 5081 728 5129 tlemultnrton.
773 5078 826 5127 ‘tu
839 5093 919 5127 nemo
933 5081 957 5125 7.
1011 5072 1030 5106 ¹¹
1045 5074 1147 5125 salsius
1159 5091 1206 5124 om.
1223 5077 1246 5123 1.
1296 5071 1316 5105 ¹⁴
1328 5074 1460 5125 Proverb.
1475 5090 1519 5139 ap.
1533 5074 1600 5123 Hia-

300 5162 786 5232 ron.deporp.virg.18.11.p.'220.
822 5160 841 5193 ²¹
857 5160 1040 5212 obambulans
1054 5163 1113 5211 Μ.
1150 5159 1338 5211 ”virerum
1373 5159 1396 5192 ³⁶
1408 5160 1528 5211 habetur
1540 5162 1564 5209 7.
1574 5160 1599 5209 8.
