4067 6209
318 805 376 858 LX.
385 819 570 856 ravennnae
580 820 784 856 severrime.
802 813 859 856 1517.
878 806 952 856 LXI.
961 821 1066 856 neusin
1078 821 1116 855 un
1128 815 1434 859 custodientebus
1447 816 1506 859 tort.
1542 795 1613 866 149

318 980 393 1037 noris
416 986 650 1054 propugnatores,
674 998 789 1055 qnomm
813 981 952 1054 posterior
974 979 1020 1035 ille
1042 980 1242 1054 posterioribus
1264 982 1296 1037 ad
1320 1000 1362 1039 me
1384 982 1473 1040 literis
1495 984 1551 1039 suis
1567 1002 1613 1041 vo·

318 1066 382 1127 luit,
418 1074 447 1122 ut
477 1066 585 1140 quoties
614 1067 647 1122 ad
676 1074 703 1122 te
729 1065 890 1127 scriberem.
927 1066 968 1121 sui
998 1065 1318 1122 tacerembonorlfieam
1341 1069 1515 1124 mentionem.
1560 1066 1632 1125 Sea

318 1151 381 1225 quld
404 1167 527 1206 anserem
550 1168 592 1206 me
616 1151 691 1206 iubet
713 1151 829 1206 stridere
852 1151 924 1206 inter
945 1150 1056 1207 olores?
1079 1150 1124 1208 ille
1147 1159 1236 1206 tamen
1259 1170 1319 1208 eum
1342 1153 1378 1208 sit
1393 1154 1508 1216 amicus,
1533 1153 1611 1211 facile

318 1235 438 1298 obtinet,
462 1243 492 1290 ut
514 1253 610 1310 parere
632 1235 722 1291 malim
745 1236 825 1292 etiam
849 1237 958 1310 ineptus
980 1254 1060 1310 quam
1085 1236 1231 1310 impietatis
1254 1237 1412 1294 insimulari.
1458 1239 1497 1294 Tu
1518 1246 1665 1297 antemi-⁴·

294 1321 390 1377 inosti
413 1321 531 1377 bominis
554 1321 708 1394 ingenium,
738 1338 842 1383 mores,
874 1321 1005 1377 indolem:
1035 1330 1136 1395 praeter
1158 1322 1272 1377 virtutes
1300 1330 1327 1378 et
1349 1324 1496 1396 genuinum
1519 1322 1610 1398 splen·

316 1407 410 1462 dorem
434 1413 509 1461 totus
532 1414 574 1461 est
596 1406 740 1468 candidos,
770 1406 861 1462 cultus
884 1415 966 1480 atque
993 1407 1120 1480 elegans;
1150 1414 1177 1463 te
1200 1407 1236 1463 ita
1260 1407 1399 1471 observat.
1428 1416 1459 1464 ut
1478 1409 1609 1483 praeterat

317 1491 397 1548 etiam
421 1492 595 1554 necessariis;
624 1492 718 1547 literas
748 1491 783 1546 ita
812 1492 892 1555 colit,
921 1499 951 1547 ut
979 1491 1082 1548 nullum
1110 1491 1248 1549 barbaries
1276 1493 1408 1550 aeriorem
1437 1494 1536 1550 sentiat
1560 1494 1608 1549 bo·

317 1584 394 1632 stem.
439 1577 460 1631 Α
484 1576 618 1631 Glareano
649 1594 758 1651 quoque
786 1594 801 1631 e
824 1576 916 1632 Galliis
945 1594 1033 1651 nuper
1056 1577 1148 1633 literas
1171 1578 1276 1652 accepi,
1305 1578 1351 1646 ubi
1373 1580 1476 1652 parteis
1499 1587 1608 1635 nostras
1617 1588 1664 1639 Ιώ.
1736 1650 1739 1655 Ι

318 1669 411 1717 tenent
434 1661 533 1716 eruditi
555 1660 677 1735 aliquot,
701 1650 834 1735 querurd'
842 1661 926 1717 indies
950 1670 1064 1736 expecto
1086 1662 1211 1737 praesidia
1214 1705 1504 1719 .............
1538 1664 1610 1720 Bene

281 1746 381 1803 rovere.
404 1746 532 1803 Coloniae.

331 2130 506 2165 ANTVERPIAE
906 2096 1008 2170 LXI.
1406 2127 1438 2168 lb.
1451 2133 1516 2168 ΗΕ.
1531 2126 1590 2168 lbl'l.

746 2288 897 2344 nnlsuvs
919 2287 1070 2344 cresium
1093 2287 1119 2343 s
1142 2259 1169 2343 o.

398 2425 561 2497 llagnopere
589 2425 654 2479 mibi
683 2424 863 2498 displicebant
891 2424 1015 2498 epistolae
1044 2423 1222 2480 obscurorum
1256 2426 1375 2481 virorum
1409 2427 1460 2482 iam
1489 2434 1546 2482 tum
1574 2426 1608 2482 ab
1621 2431 1666 2481 §.¹-

317 2511 409 2566 initio:
431 2508 567 2565 delectare
589 2509 725 2583 potuisset
742 2511 852 2571 facetia,
876 2510 926 2565 nisi
944 2510 1055 2565 nimium
1080 2510 1237 2564 ollendisset
1261 2509 1420 2584 exemplum.
1465 2510 1528 2567 llihi
1551 2511 1608 2584 pla·

284 2605 357 2651 isset
380 2594 470 2656 lusus,
502 2595 548 2649 sed
577 2595 643 2649 eitra
671 2595 829 2668 cuiusquam
858 2595 1058 2651 contumeliam.
1105 2596 1151 2650 sed
1173 2594 1316 2664 molestius
1340 2596 1390 2650 luit
1414 2597 1486 2669 quod
1510 2597 1536 2652 in
1559 2614 1608 2669 po·

314 2681 430 2736 steriore
453 2679 572 2734 editione
595 2680 646 2735 mei
670 2697 779 2753 quoque
795 2681 912 2735 nominis
927 2679 1093 2736 mentionem
1109 2679 1314 2756 admiscuerint,
1338 2682 1415 2754 quasi
1431 2699 1525 2755 parum
1543 2681 1608 2737 luis-

315 2773 357 2820 set
380 2765 509 2837 ineptire,
533 2764 583 2819 nisi
600 2782 650 2819 nos
673 2782 781 2838 quoque
805 2775 944 2821 uocassent
967 2765 994 2820 in
1018 2766 1155 2827 insidiam.
1179 2773 1206 2820 et
1228 2783 1351 2839 magnam
1374 2775 1478 2840 partem
1500 2766 1606 2822 inlotus

316 2858 356 2905 tot
379 2849 531 2905 studiorum
560 2849 699 2904 laboribus
727 2850 838 2922 expetiti
867 2851 1065 2924 corrupissent.
1109 2849 1146 2905 Ne
1170 2850 1195 2904 id
1219 2851 1327 2923 quidem
1350 2851 1417 2907 satis
1440 2860 1481 2908 est
1504 2853 1666 2911 visumst-².

315 2952 348 2990 en
371 2934 440 2988 alter
463 2933 571 2988 libellus
599 2934 684 3008 priori
714 2933 858 2995 adsimilis.
889 2935 914 2989 in
945 2935 1044 3007 quibus
1071 2933 1166 2990 erebra
1195 2936 1296 2991 mentio
1313 2936 1354 3003 ‚fit
1382 2954 1476 2992 eorum
1506 2935 1605 3010 quibus

217 3071 221 3077 .
279 3020 371 3075 roscio
395 3019 470 3074 lusus
493 3019 646 3074 lmiusmodi
671 3036 839 3093 nequaquam
862 3019 981 3093 probari.
1026 3019 1109 3087 Quam
1133 3018 1201 3075 male
1223 3020 1369 3077 consulunt
1386 3021 1429 3077 isti
1446 3039 1500 3077 non
1517 3020 1605 3077 solum

316 3105 341 3159 in
365 3104 487 3177 seipsos.
512 3104 558 3158 sed
582 3104 662 3159 etiam
686 3104 711 3158 in
736 3121 830 3159 omnes
853 3104 951 3178 quibus
974 3105 1052 3160 bonai
1074 3102 1161 3160 literae
1175 3105 1264 3161 charae
1287 3113 1359 3160 sunt.
1403 3106 1456 3161 lam
1479 3105 1546 3161 illud
1562 3112 1661 3167 estes.

316 3189 435 3245 omniurn
463 3188 684 3243 molestissimum
713 3189 794 3251 milri,
823 3190 846 3244 si
874 3190 955 3244 modo
983 3207 1075 3246 verum
1102 3197 1144 3244 cst
1176 3191 1248 3263 quod
1277 3190 1341 3245 milii
1373 3191 1452 3245 istinc
1480 3207 1606 3245 reversus

316 3274 432 3329 larnulus
455 3291 531 3328 meus
554 3273 665 3328 lacobus
687 3275 818 3335 narravit.
841 3274 912 3348 apud
934 3275 1090 3349 complures
1113 3274 1207 3330 baberi
1229 3274 1347 3330 Coloniae
1370 3274 1490 3330 libellum
1514 3275 1606 3343 nescio

317 3376 395 3432 quem
426 3359 451 3413 in
480 3358 575 3413 lulium
607 3358 774 3432 pontificem,
803 3360 940 3432 quomodo
968 3367 1093 3415 mortuus
1122 3358 1246 3415 exclusus
1269 3360 1304 3414 sit
1326 3359 1393 3416 caele
1416 3377 1465 3432 per
1486 3359 1605 3415 Petrum.

279 3454 305 3493 ²⁵
315 3444 458 3499 Audieram
482 3443 533 3497 iam
556 3443 660 3516 pridem
684 3444 837 3498 huiusmodi
861 3444 977 3499 tabulam
1001 3453 1086 3500 actam
1110 3443 1137 3498 in
1159 3443 1257 3504 Gallia,
1288 3444 1331 3499 ubi
1356 3443 1449 3499 talium
1472 3461 1604 3517 nugarum
1643 3430 1648 3441 ¹

317 3528 456 3583 immodica
480 3528 587 3583 lieentia
611 3545 719 3601 semper
742 3529 801 3583 luit.
826 3546 883 3583 eam
906 3530 1004 3602 opinor
1026 3529 1124 3602 aliquis
1148 3528 1174 3584 in
1196 3529 1320 3583 Latinum
1343 3546 1495 3584 sermonem
1519 3536 1607 3584 trans·

315 3613 385 3667 tulit.
430 3613 548 3668 demiror
571 3614 634 3686 quid
659 3613 717 3667 istis
740 3613 766 3667 in
790 3621 906 3667 rneritcm
930 3614 1032 3675 veniat,
1055 3630 1116 3668 eum
1139 3613 1178 3668 sie
1200 3612 1287 3668 ocium
1310 3620 1337 3668 et
1353 3631 1463 3687 operam
1479 3614 1605 3687 perdunt.

314 3707 433 3781 ceterum
457 3698 576 3752 admiror
598 3716 658 3752 esse
681 3698 727 3770 qui
750 3697 925 3770 suspicentur
948 3705 1000 3753 tam
1025 3698 1158 3770 insignem
1182 3698 1308 3771 ineptiam
1331 3715 1346 3753 a
1375 3716 1418 3753 me
1440 3699 1605 3772 prolectam
1694 3728 1697 3732 ·

315 3784 413 3856 opinor
442 3782 477 3837 ob
506 3783 531 3837 id
560 3783 632 3855 quod
656 3800 746 3838 sermo
770 3782 887 3838 sortasse
909 3783 945 3837 sit
967 3783 1049 3857 paulo
1072 3781 1201 3837 Latinior.
1245 3782 1307 3837 Lusi
1331 3783 1439 3855 quidem
1463 3782 1490 3837 iu
1512 3781 1663 3844 Moriens.

280 3869 362 3923 ³⁰sed
386 3869 540 3925 incruente:
572 3867 671 3922 nullius
700 3868 796 3922 lamam
826 3867 983 3923 nominatim
1013 3867 1175 3942 perstriuxi;
1205 3866 1232 3921 in
1260 3884 1351 3922 mores
1378 3868 1516 3922 bominum
1540 3867 1605 3922 lusi·

315 3970 387 4013 mus,
412 3970 466 4007 non
491 3952 516 4006 in
541 3952 636 4007 leimam
661 3952 807 4008 bominum.
853 3952 955 4020 Quodsi
978 3970 1040 4008 vera
1063 3951 1128 4007 mibi
1157 3952 1293 4007 nunciavit
1320 3950 1452 4012 lamulus.
1486 3953 1604 4008 nondum

314 4039 385 4092 enim
409 4037 475 4092 satis
503 4037 598 4097 credo.
629 4055 721 4111 quaeso
745 4045 784 4099 te,
817 4038 857 4092 vir
885 4037 999 4111 optime.
1030 4044 1060 4092 ut
1084 4036 1235 4092 istiusmodi
1260 4055 1345 4109 nugas
1368 4037 1462 4111 impias
1485 4054 1535 4111 pro
1559 4045 1606 4093 tua

315 4121 385 4176 virili
409 4122 569 4196 premendas
591 4139 671 4177 eures
694 4122 770 4196 prius
793 4140 873 4196 quam
896 4124 1076 4187 ereudantur,
1105 4139 1159 4176 non
1189 4123 1263 4195 quod
1290 4122 1334 4177 isti
1362 4122 1437 4195 digni
1460 4131 1524 4179 suut
1546 4123 1606 4197 qui·

313 4306 384 4354 Lxl.
407 4303 677 4367 tziommtmtoms
692 4301 696 4366 Ι
713 4292 879 4363 obscurorum
902 4306 1099 4364 sitammam
1120 4304 1124 4368 Ι
1144 4305 1284 4369 prohibite
1306 4322 1355 4371 per
1380 4302 1471 4355 sedem
1493 4303 1607 4370 Apollo-

306 4388 404 4438 lieem.
421 4385 425 4452 Ι
441 4384 566 4452 Epistola
590 4389 624 4436 D.
643 4385 750 4438 Eralmi
769 4389 960 4440 Roterodami:
990 4389 1056 4453 quid
1079 4389 1113 4438 de
1136 4385 1416 4452 ob-lleuris'l'entiat.
1441 4391 1473 4439 eu
1503 4390 1606 4438 ceteris

313 4470 512 4537 quibusdaznd
537 4475 624 4522 minus
647 4473 723 4522 lectu
739 4471 743 4538 Ι
759 4475 867 4524 iueudis
891 4471 913 4541 fg
934 4474 1048 4539 cognitu
1071 4470 1246 4537 neeessarijs.
1276 4473 1319 4536 (12
1338 4473 1396 4523 foll.
1416 4474 1451 4522 4⁰.
1475 4475 1507 4524 ln
1525 4473 1605 4536 fine:)

312 4555 440 4623 lmpeel'le
459 4560 538 4607 Anno
557 4559 660 4607 domini
676 4559 713 4607 M.
730 4553 735 4623 Ι
751 4558 969 4609 cccccxvm.
990 4558 1037 4607 fol.
1051 4557 1074 4606 A
1086 4554 1116 4606 4s
1129 4566 1164 4607 ab.
1182 4583 1217 4593 —
1235 4557 1316 4619 (Item
1328 4559 1475 4622 sequentia
1487 4541 1606 4608 Lamon-¹

312 4644 447 4692 tationum
467 4643 592 4708 exempla
609 4643 681 4692 hene
700 4644 808 4692 Erasini
827 4643 973 4709 epistolam
990 4642 1116 4704 habent.)
1168 4642 1231 4690 2:
1242 4642 1352 4691 Eresmi
1363 4644 1433 4707 Epp.
1452 4641 1605 4706 (luderet.

666 4726 704 4776 n⁰.
718 4726 795 4790 bip.)
815 4745 840 4792 p.
858 4725 929 4777 1622.
944 4742 984 4790 sq.
997 4725 1122 4790 Appeud.
1136 4724 1174 4775 η’.
1188 4741 1251 4777 eux.

380 4861 402 4894 ¹¹
421 4863 536 4913 Cesario
550 4866 573 4913 t.
593 4863 723 4930 utrobique
736 4880 787 4928 pro
797 4879 820 4914 ae
828 4870 903 4930 pontt
922 4879 946 4913 e.
983 4861 1123 4912 Caessrius
1137 4859 1261 4911 Coloniae
1279 4861 1304 4911 d,
1319 4859 1359 4911 30.
1374 4861 1425 4912 lul.
1440 4877 1465 4911 a.
1483 4861 1555 4911 1517.
1569 4861 1605 4912 ed

312 4949 455 4997 Erasmum
466 4947 576 4999 litteras
586 4949 702 4998 dederat
714 4948 747 4998 de
761 4963 853 5000 eeusae
864 4947 1076 5000 Reueblinienae
1086 4950 1162 4996 stetu
1172 4945 1341 4996 adversariis
1350 4945 1476 4996 dolende.
1531 4944 1551 4977 ¹⁴
1564 4946 1605 4995 fs·

312 5024 430 5081 eeeiet.
486 5031 506 5063 ¹⁹
524 5030 632 5099 quibus]
652 5048 684 5082 oo
703 5034 774 5098 quo?
836 5032 857 5067 ²¹
876 5035 978 5084 litterae
991 5036 1017 5084 2.
1031 5038 1058 5083 et
1074 5034 1111 5083 sie
1129 5032 1199 5094 losro
1216 5037 1241 5083 tt
1302 5030 1324 5063 ¹⁴
1344 5030 1447 5082 omnm
1462 5032 1545 5095 salsus
1567 5038 1606 5081 est

314 5117 438 5167 Erasmus
450 5119 482 5168 de
495 5119 596 5183 dialogo
611 5116 722 5181 ‘Iulius',
738 5119 807 5185 etp.
818 5118 874 5170 151.
888 5117 975 5170 nobi).
1020 5116 1043 5150 ¹⁷
1061 5118 1185 5169 otium2.
1229 5115 1250 5150 ³¹
1270 5117 1396 5180 Queoir.
1432 5118 1604 5168 nuntiavit).
