4067 6209
421 761 495 836 250
592 778 647 832 CX.
667 796 791 833 uvrrmu
803 796 840 833 ao
852 796 971 834 ausura.
986 796 1109 834 uoovnr.
1123 798 1152 835 ru
1166 799 1267 836 crvrvu
1279 799 1367 837 eur.
1386 802 1471 839 naor.
1485 795 1547 842 tart.

421 954 470 1033 qui
492 952 544 1013 tihi
566 952 707 1014 offeratur
730 952 839 1032 tibique
862 954 1013 1014 ‹leelieetur
1036 972 1070 1013 ac
1092 961 1143 1015 tuo
1165 956 1215 1034 qui
1237 963 1381 1034 praetento
1397 960 1518 1021 nominc
1533 961 1564 1021 iu
1582 960 1719 1024 manihus

420 1054 573 1115 habeatur.
611 1055 790 1126 Quinetiam,
814 1058 838 1115 si
859 1056 980 1116 liberius
1002 1055 1098 1118 aelbuc
1121 1057 1221 1117 aridire
1244 1077 1291 1117 mc
1313 1061 1455 1131 sustines,
1484 1062 1583 1123 diram
1607 1081 1667 1123 uon
1688 1065 1718 1125 in

421 1157 526 1217 iusuuis
548 1174 612 1215 esse
635 1157 760 1218 Iortruue
782 1164 840 1217 tum
862 1158 993 1226 clotibus,
1017 1158 1096 1237 quod
1119 1139 1147 1218 el
1168 1158 1226 1219 boc
1249 1166 1381 1238 tempore
1405 1169 1434 1220 ot
1448 1169 1499 1221 tuo
1515 1182 1586 1224 cum
1603 1164 1718 1226 bonore

365 1260 525 1319 stannus
553 1259 590 1317 sit
617 1258 820 1320 iruietissiurus
848 1260 976 1320 historico
1004 1260 1147 1320 conditor.
1194 1261 1298 1339 quoclsi
1320 1261 1481 1323 reclament
1504 1284 1540 1325 ox
1564 1268 1716 1328 centurio·

420 1360 507 1421 uibus
528 1359 646 1438 quiclaur
669 1360 742 1422 ebrii
765 1368 814 1422 aut
836 1361 942 1440 alioqui
965 1361 1040 1421 male
1063 1361 1188 1421 consulti
1209 1362 1357 1431 homiues,
1382 1364 1570 1440 ingeniorum
1586 1367 1737 1429 levantess

420 1466 546 1543 palmam
568 1486 602 1526 ao
624 1466 653 1524 iu
677 1465 815 1524 raniensis
829 1465 889 1523 suis
904 1463 1057 1532 eruribus,
1081 1462 1195 1523 callosis
1210 1464 1346 1524 manibus
1361 1484 1448 1526 omno
1464 1466 1572 1536 decus,
1598 1487 1718 1529 omnem

419 1576 563 1645 permutes
587 1566 822 1645 anrplitruliuenr,
852 1565 1024 1626 obiicieurus
1052 1564 1254 1626 halationibus
1276 1566 1424 1635 Taciturn,
1455 1570 1576 1629 minime
1606 1570 1718 1632 malum

420 1670 487 1730 olim
511 1669 711 1730 llomanorum
734 1670 957 1745 Imperatorem,
987 1669 1037 1746 qui
1060 1670 1083 1726 si
1107 1670 1178 1727 tanti
1207 1667 1276 1728 lecit
1298 1668 1466 1729 Cornelium
1489 1670 1644 1740 Taciturn,
1673 1672 1716 1733 bi·

419 1774 517 1834 storiao
540 1779 568 1832 et
590 1773 685 1849 Ipsum
708 1770 897 1848 scriptorem,
928 1776 960 1829 ut
982 1770 1045 1829 eius
1067 1787 1098 1829 se
1121 1770 1226 1849 eupillo
1249 1772 1335 1831 etiarn
1359 1770 1473 1832 lamibae
1495 1773 1659 1843 insereret,
1683 1793 1716 1834 ac

419 1880 532 1934 tantum
555 1872 756 1952 proiciendus
785 1876 829 1931 est
856 1871 955 1931 Tacito
978 1871 1089 1940 Livius,
1120 1880 1261 1950 qnantum
1283 1872 1468 1932 doctissImus
1490 1876 1618 1955 quisque
1642 1876 1745 1936 iudi-u

393 1982 480 2044 ¹cat,
511 1975 579 2053 quill
602 1974 671 2034 buic
694 1980 796 2034 nostro
825 1972 927 2033 ‹leheri
956 1973 1199 2043 existimabImuS,
1230 1981 1337 2053 quanta
1365 1991 1432 2033 cerm
1461 1973 1624 2037 ambitione
1654 1977 1715 2037 eius

365 2077 409 2130 §.a
421 2077 594 2157 captandam
616 2076 883 2154 propinquitatum?
916 2075 1047 2136 Primum
1076 2076 1153 2135 culm
1175 2076 1306 2135 Asinium
1333 2076 1495 2137 Pollionem
1522 2093 1584 2137 non
1613 2077 1714 2139 audie·

418 2197 484 2240 runs
499 2179 717 2240 l'ataviuitatcm
739 2177 780 2238 illi
801 2195 885 2237 suam
908 2176 1108 2245 olriieieuterm
1132 2175 1300 2249 Quintiliani
1316 2180 1490 2238 seutentiam
1507 2177 1712 2255 prohabimus,

418 2283 468 2361 qui
490 2280 680 2341 erliseerulum
707 2280 807 2359 pueris
834 2277 917 2338 illum
938 2280 1043 2346 suasit,
1075 2285 1104 2338 ct
1126 2278 1226 2338 Caium
1255 2280 1417 2359 principem
1445 2278 1654 2349 irridchimus,
1683 2287 1714 2341 ut

417 2382 575 2443 verlmsuur
598 2382 679 2443 illum
702 2384 907 2448 insectantenu
941 2385 1045 2439 contra
1067 2382 1190 2456 rlugrrsti
1211 2379 1359 2441 leuitatem
1374 2380 1510 2441 laudibus
1521 2382 1711 2451 extollemus,
1722 2399 1744 2440 u

418 2485 496 2562 quorl
519 2483 660 2563 aequalem
683 2484 762 2543 lruuc
790 2482 855 2542 tulit
883 2484 963 2541 omui
992 2481 1179 2542 veliementer
1208 2489 1314 2542 conatu
1342 2483 1526 2561 Pompeianis
1554 2484 1656 2545 sarcre
1683 2486 1713 2545 in

417 2584 538 2646 historia
566 2586 713 2664 partibus,
744 2584 873 2663 nihilque
902 2583 966 2644 illos
1001 2601 1115 2643 errasse
1145 2584 1277 2644 dicemus
1303 2583 1417 2645 nobiles
1446 2585 1622 2654 GallitauoS,
1653 2586 1711 2664 qui,

417 2705 477 2747 urm
500 2694 531 2747 ut
554 2688 678 2747 rrraxuuc
700 2686 854 2746 llorcntcm
877 2692 947 2747 turrc
969 2686 1093 2746 Iloruanr
1115 2685 1262 2753 uiuerent,
1292 2687 1343 2746 sed
1365 2692 1398 2746 ut
1419 2684 1452 2745 Τ.
1477 2685 1590 2746 Livium
1618 2686 1712 2747 lacteo

417 2787 590 2866 eloquentiae
613 2788 693 2848 Iouto
716 2794 882 2847 manantem
906 2789 947 2864 (ut
962 2788 1158 2866 llierouymus
1174 2788 1275 2866 iuquit)
1292 2793 1521 2863 cogitoso-erent,
1545 2794 1629 2847 tauto
1644 2806 1713 2868 per·

418 2889 493 2956 beto
515 2891 618 2951 itinero
633 2890 757 2950 lloruaru
781 2895 938 2957 verterunt,
963 2908 997 2949 ac
1020 2889 1162 2968 quosdam
1180 2889 1258 2948 lraucl
1274 2896 1496 2949 contemnemus
1510 2896 1592 2949 recte
1608 2888 1711 2950 doctos
1720 2907 1744 2949 u

416 2992 509 3061 uiros,
539 2993 589 3070 qui
617 2994 680 3052 ausi
707 2998 776 3051 sunt
803 2991 840 3051 itu
869 2993 992 3059 sentire,
1023 2992 1118 3069 ipsum
1148 2992 1320 3051 Ciceronem
1348 2991 1500 3051 historiam
1529 2990 1665 3075 scribere
1687 2995 1712 3051 si

362 3092 577 3163 tavernou,
592 3101 672 3154 tanta
694 3093 837 3169 elegantia
859 3110 919 3152 non
942 3094 1080 3171 potuisse.
1126 3093 1205 3169 liego
1228 3094 1265 3152 ita
1289 3092 1450 3153 honoratus
1472 3098 1516 3152 est
1538 3092 1652 3162 Liuius,
1678 3100 1713 3154 ut

415 3202 458 3262 te,
489 3196 572 3256 euius
600 3196 655 3256 sub
683 3197 801 3256 rrcrrniue
830 3194 973 3271 ‹tivutgaei
1000 3196 1125 3255 sustinet
1156 3194 1253 3273 (ruodo
1281 3194 1358 3254 ullus
1385 3200 1429 3254 est
1455 3193 1512 3253 boc
1541 3195 1568 3253 in
1599 3211 1711 3272 genere

414 3296 525 3365 bonor,
555 3300 604 3377 qui
632 3299 830 3375 perrunximus
859 3302 940 3357 certe
968 3295 1020 3373 est)
1050 3296 1193 3357 honestet.
1239 3314 1307 3355 uam
1329 3297 1353 3355 si
1382 3301 1410 3356 te
1438 3297 1519 3363 nori,
1549 3313 1610 3355 uon
1638 3297 1713 3356 tanti

415 3405 464 3460 aut
492 3398 771 3477 archiepiscopalem
801 3398 871 3458 lueis
900 3400 1016 3457 mitram
1039 3403 1089 3458 aun
1111 3396 1326 3457 caruliualitiuur
1348 3398 1473 3456 estimas
1495 3396 1647 3472 galerum,
1679 3405 1744 3459 utu

360 3509 406 3561 §.a
417 3502 516 3560 ornari
545 3508 690 3578 utrauque
718 3501 887 3577 ‹ligiritatem
914 3501 1032 3573 iugenio
1061 3519 1095 3559 ac
1123 3497 1214 3559 literis
1246 3517 1332 3577 posse
1362 3517 1461 3574 nepms.
1513 3497 1589 3569 Ouid
1620 3499 1713 3559 iacies

415 3603 491 3662 euim
515 3604 543 3662 iu
560 3601 639 3662 livio
656 3608 777 3662 (serratus
799 3603 822 3661 si
846 3602 951 3670 tueris,
975 3620 1043 3661 euru
1067 3607 1145 3661 tanta
1167 3600 1335 3680 protuleris
1357 3603 1415 3659 iam
1437 3619 1453 3660 a
1476 3618 1522 3660 me
1545 3599 1637 3660 semel
1659 3608 1712 3662 aut

414 3707 520 3765 iterum
543 3704 694 3765 laudatus?
728 3705 783 3764 uisi
806 3702 884 3763 lraurl
900 3703 979 3763 Livio
1002 3710 1156 3780 accepturu
1179 3702 1250 3762 terri
1266 3701 1367 3769 (lebet,
1392 3702 1529 3780 quiequid
1546 3708 1604 3769 est,
1629 3703 1711 3781 quot

413 3813 480 3866 aute
503 3806 583 3867 illurn
606 3806 747 3886 pausatur
770 3804 887 3883 aliquis,
917 3823 964 3865 irre
987 3807 1147 3882 interprete
1170 3822 1249 3864 rrunc
1272 3805 1379 3863 etenim
1402 3802 1438 3861 ab
1462 3802 1562 3863 inieris
1584 3802 1649 3863 haec
1672 3805 1710 3865 acl

413 3914 441 3968 te
458 3928 510 3967 ror
527 3915 579 3967 est.
619 3908 726 3967 l'erunr
743 3908 877 3983 reprroseis
899 3925 976 3972 reru,
1001 3913 1089 3985 atque
1112 3907 1200 3981 igitur
1223 3905 1298 3964 liene
1321 3903 1425 3972 hahet,
1449 3904 1582 3963 forestu
1607 3903 1744 3973 literasao

413 4016 440 4067 et
464 4011 579 4069 orururis
601 4009 637 4069 ah
661 4010 705 4069 lris
730 4010 866 4068 uicissim:
900 4015 998 4068 aeturu
1022 4016 1065 4068 est
1087 4007 1123 4067 ele
1146 4006 1298 4074 bachario,
1322 4005 1465 4065 hacteuus
1482 4004 1629 4065 viluerunt
1644 4014 1709 4068 stu·

344 4109 475 4184 praelia:
504 4110 616 4169 reclitur
638 4112 675 4170 nel
698 4130 796 4170 rerum
820 4110 1030 4180 eruulitionrnn,
1054 4109 1227 4169 excoluntur
1251 4109 1376 4183 ingenia.
1414 4107 1475 4166 lam
1497 4107 1546 4166 (liu
1567 4115 1612 4166 est
1627 4109 1710 4185 quod

412 4212 517 4289 eapite
545 4219 662 4295 terripus·
688 4199 821 4290 expectat
851 4211 961 4280 liuius,
998 4231 1056 4290 quo
1086 4228 1165 4272 nuuc
1192 4210 1298 4270 oborto
1317 4187 1455 4283 ‘gestiens
1488 4227 1521 4267 ac
1550 4206 1648 4269 laetitia
1680 4218 1711 4270 et

411 4315 472 4392 ipse
489 4313 619 4374 lreuuns
633 4331 698 4375 sese
714 4313 813 4381 effert,
837 4314 966 4391 petitque
982 4313 1111 4374 (lecticari
1126 4314 1269 4380 uranium,
1293 4329 1352 4370 uon
1376 4312 1404 4370 in
1421 4309 1502 4371 ltalia
1517 4309 1624 4379 Leoni,
1648 4312 1713 4372 iam·

477 4602 488 4634 ⁸
507 4603 600 4652 Tacit.
615 4600 689 4668 impl
705 4603 741 4652 et.
755 4601 834 4651 Plau.
848 4600 959 4666 l'opise.
974 4602 1002 4650 in
1014 4602 1106 4649 Tareit.
1123 4598 1161 4649 lo.
1215 4598 1226 4629 ⁹
1244 4600 1406 4663 scriptorum
1420 4602 1445 4646 5.
1499 4594 1520 4628 ¹²
1532 4597 1610 4647 Asin.
1624 4597 1710 4665 Pon]

410 4690 447 4739 ei.
462 4687 629 4750 eriutiliau.
644 4689 708 4737 inst.
723 4703 761 4736 or.
776 4685 1020 4746 1.a,acv111.r,o.
1081 4681 1286 4748 ¹³Qniutilinn.]
1301 4684 1368 4732 lust.
1382 4699 1420 4732 or.
1435 4683 1471 4731 11.
1484 4682 1546 4740 5,19.
1595 4681 1617 4714 ¹⁸
1630 4682 1709 4733 illum

411 4773 506 4838 pueris
520 4775 578 4821 Μ.
650 4768 758 4835 Caium]
778 4771 815 4821 ci.
836 4772 948 4821 Sueten.
968 4770 1060 4832 Calip.
1078 4766 1120 4818 34.
1192 4767 1213 4800 ¹⁵
1235 4755 1363 4832 bugasti]
1384 4768 1420 4816 ei.
1439 4767 1710 4818 Taeit.A11nal.IV.

408 4856 451 4906 at.
521 4856 541 4887 ¹²
566 4854 731 4920 Gaditanos]
750 4856 788 4904 ei.
806 4855 878 4904 I‘liu.
893 4857 974 4921 epist.
987 4854 1025 4904 11.
1037 4853 1084 4904 33.
1099 4858 1126 4902 et
1139 4853 1254 4901 Ilieron.
1268 4852 1285 4901 l.
1300 4869 1321 4901 e.
1364 4852 1493 4916 Galqui
1512 4867 1581 4908 non.
1601 4856 1707 4903 utus

409 4940 430 4973 ¹⁸
443 4940 596 4996 ..illaLirii
610 4940 704 4990 lactea
716 4940 847 4989 erbertas”
860 4940 1026 5001 Quintilian.
1035 4939 1098 4987 inst.
1107 4938 1185 4986 oux.
1194 4936 1257 4988 Lm.
1314 4934 1334 4967 ¹³
1347 4934 1517 5000 Hieronym]
1529 4937 1708 5001 epistotae

409 5024 723 5090 Paulin.t1.p.·.’il.ed.
739 5024 883 5084 Martiae.)
934 5022 956 5055 ²⁸
968 5039 1018 5088 per
1030 5024 1165 5072 rrrnximns
1179 5023 1204 5070 t.
1257 5020 1523 5085 “utrarnqne2...⁵.
1560 5020 1668 5073 littorias
1681 5025 1708 5073 4.

407 5107 588 5161 ”ferrem
641 5108 863 5159 ”litteratam
916 5107 939 5139 ³⁸
958 5110 1190 5174 exspectott...5.
1234 5104 1376 5155 Μεοω.
