4067 6209
321 778 393 853 332
448 794 528 847 CLV.
549 809 631 844 aver.
646 808 682 844 tn
695 806 808 844 naemu.
821 808 949 844 avarem
962 809 1048 845 rear.
1064 811 1098 845 en
1112 810 1157 845 vu.
1172 811 1250 846 ecci..
1265 812 1402 849 conseer.
1422 804 1486 849 ¹52³.

321 969 412 1031 dicari
440 972 604 1044 oporteret,
633 983 667 1026 ae
694 966 945 1043 strenue'punici.
983 964 1019 1024 alt
1040 983 1119 1025 nunc
1142 966 1240 1027 rident
1268 968 1337 1046 quid
1360 976 1478 1029 veteres
1500 988 1621 1049 quoque

321 1071 361 1133 illi
380 1071 475 1130 conati
499 1071 570 1134 sint,
594 1066 700 1146 qrrihus
723 1068 745 1124 si
767 1068 863 1126 minus
886 1069 972 1127 cessit
993 1068 1064 1136 hoc,
1093 1070 1121 1127 in
1149 1067 1233 1147 culpa
1263 1088 1322 1129 non
1354 1071 1407 1130 luit
1429 1090 1537 1132 eorum
1566 1074 1619 1131 im-

321 1173 479 1238 becillitas,
503 1170 553 1228 scd
577 1168 693 1230 illorum
712 1176 878 1245 temporum
897 1169 1064 1235 infelicitas,
1091 1169 1198 1248 quilius
1218 1173 1313 1249 potuit
1332 1172 1399 1250 plus
1413 1172 1493 1249 uulgi
1513 1191 1620 1251 super-

321 1278 398 1336 stitio
420 1291 507 1352 quarn
529 1278 580 1330 aut
601 1269 688 1330 ullius
709 1270 782 1328 tides
804 1277 854 1329 aut
876 1270 982 1331 Christi
1005 1271 1123 1347 religio,
1147 1280 1179 1332 nt
1197 1274 1339 1333 miserear
1359 1274 1431 1334 clari
1450 1277 1620 1352 peremnia

322 1376 524 1455 imperatoris,
553 1375 603 1451 qui
629 1390 688 1431 non
719 1372 747 1431 in
778 1371 881 1431 melius
904 1379 932 1431 et
954 1391 985 1431 se
1003 1374 1124 1447 dignum
1144 1375 1278 1435 inciderit
1297 1375 1454 1437 saeculum:
1483 1379 1556 1457 quiid
1580 1377 1643 1437 tol

322 1482 409 1539 cisset
437 1478 513 1535 enim
544 1476 620 1533 inter
647 1490 735 1532 sanos
755 1473 889 1533 homines
910 1476 958 1551 qui
982 1476 1010 1532 in
1035 1473 1090 1533 illis
1109 1477 1187 1534 cirea
1207 1494 1239 1535 se
1261 1476 1404 1546 motibus,
1428 1478 1486 1538 hac
1503 1486 1622 1557 tempo-

324 1600 389 1641 rum
412 1578 617 1656 perversitate,
641 1593 733 1634 annos
754 1582 878 1635 tottam
901 1577 1090 1653 pertinaciter
1110 1576 1216 1637 luctari
1239 1596 1306 1637 cum
1328 1580 1455 1638 inimicis
1475 1581 1623 1658 perstitit?

254 1676 314 1727 ΗΘ·
324 1682 381 1742 Sed
402 1681 510 1741 idcireo
533 1676 613 1737 illum
638 1676 864 1745 damnaverunt,
894 1677 972 1755 qrrod
995 1675 1119 1737 liberam
1145 1678 1236 1738 voluit
1259 1681 1311 1739 iste
1332 1681 1537 1752 Germaniam,
1566 1700 1624 1741 nec
1693 1735 1699 1742 .

322 1758 490 1862 pontiliecm
518 1778 582 1838 tulit
611 1776 677 1855 plus
701 1778 845 1852 adrogare
871 1778 927 1838 sibi
954 1796 1041 1857 quam
1064 1778 1196 1839 Clrristus
1218 1780 1311 1849 dedit,
1342 1789 1393 1841 aut
1420 1801 1510 1861 quam
1542 1783 1623 1843 serre

324 1885 404 1945 orbis
431 1882 531 1959 possit.
583 1879 803 1944 Damnarerint;
838 1898 891 1938 nos
918 1879 1018 1948 laude,
1048 1899 1103 1939 tros
1132 1880 1224 1956 gloria
1253 1900 1486 1962 prosequemur:
1527 1884 1659 1945 Brut0¹⁰

323 1993 415 2047 statua
440 1983 494 2043 luit
514 1981 630 2049 lionam,
654 1981 731 2059 quod
752 1997 838 2056 reges
860 1984 1004 2057 exegisset
1023 1981 1187 2049 Romanos:
1216 1990 1319 2043 nostro
1336 1985 1453 2044 inlamia
1469 1987 1529 2045 erit
1544 1986 1624 2065 quod

324 2087 361 2149 ab
379 2093 498 2146 externa
516 2082 668 2161 tyrannide
683 2080 810 2142 liberare
827 2085 951 2160 patriam
968 2089 1091 2144 conatus
1109 2084 1162 2142 sit?
1184 2084 1256 2155 Quae
1272 2086 1443 2161 indigndas,
1461 2106 1479 2145 o
1495 2087 1624 2155 Christe,

325 2189 403 2268 quod
425 2188 582 2262 llagitium,
606 2202 672 2262 quae
692 2184 841 2261 iniquitas!
867 2184 945 2243 Alios
964 2203 1020 2262 pro
1044 2186 1151 2244 sanctis
1174 2185 1276 2247 haberi
1298 2186 1414 2256 iubent,
1442 2190 1510 2267 quia
1531 2187 1625 2249 urbes

324 2290 378 2350 sibi
403 2296 431 2348 et
452 2287 558 2366 oppida
586 2294 614 2345 et
639 2292 716 2343 totas
742 2285 898 2363 aliquando
920 2286 1044 2346 ditiones
1066 2295 1293 2356 concesserunt;
1327 2289 1459 2367 quisquis
1480 2290 1627 2349 adversus

325 2392 494 2470 pontificum
506 2390 626 2449 iniurias
638 2404 755 2447 morere
768 2385 921 2446 brachium
934 2405 1022 2447 ansus
1034 2396 1087 2456 est,
1107 2390 1391 2449 excommunicatum
1404 2409 1472 2450 eum
1485 2408 1623 2467 pronun·
1636 2395 1658 2435 ¹⁵

327 2496 471 2555 tiarerunt
490 2498 518 2551 et
541 2499 679 2568 tanquam
701 2487 867 2548 morbidum
888 2487 1055 2549 membrum
1074 2489 1111 2549 ab
1133 2489 1263 2550 eeclesiae
1284 2508 1409 2568 corpore
1429 2491 1624 2552 disciderunt.

257 2596 401 2657 §.ruffine
426 2592 481 2652 illae
503 2599 572 2651 sunt
593 2595 621 2652 in
642 2588 838 2650 decretalibus
865 2592 1082 2659 execrationes,
1114 2590 1161 2651 illa
1182 2590 1335 2652 maledicta
1357 2593 1394 2652 ab
1414 2594 1530 2653 iniustis
1553 2612 1624 2672 pro·

327 2697 401 2755 lecta
423 2691 580 2761 iudicibus,
604 2709 730 2770 quornm
754 2689 956 2751 maledictione
977 2710 1010 2750 os
1033 2692 1152 2771 plenum
1171 2701 1215 2753 est
1234 2700 1263 2752 et
1285 2694 1478 2754 amaritudine
1498 2700 1528 2755 et
1544 2674 1623 2755 dolo.

327 2797 384 2856 Sed
406 2793 556 2872 disperdet
577 2794 713 2853 dominus
738 2792 814 2851 labia
837 2792 952 2861 dolosa;
985 2795 1039 2872 ipsi
1059 2812 1130 2854 reru
1151 2801 1345 2871 cognoscent,
1367 2797 1506 2873 quoniam
1528 2796 1625 2856 domi·

327 2917 384 2959 nus
404 2898 464 2974 ipse
487 2902 531 2956 est
554 2894 626 2955 deus
647 2901 675 2955 et
697 2893 777 2955 solus
795 2892 952 2954 altissimus
973 2896 1002 2954 in
1025 2898 1104 2955 omni
1127 2903 1222 2964 terra,
1252 2898 1302 2975 qui
1324 2902 1413 2974 ponet
1438 2898 1469 2956 in
1489 2898 1659 2973 pondere²⁰

259 3000 468 3060 §.tr-iudicium
499 3004 527 3056 et
550 2997 685 3056 iustitiam
709 2998 905 3056 inmensura.
949 2997 1016 3057 Fuit
1039 3005 1135 3058 tamen
1159 2998 1209 3058 diu
1229 3000 1285 3058 iam
1312 2999 1458 3076 incognita
1480 2997 1623 3058 Henric-hi

328 3103 434 3161 virtus:
468 3118 535 3159 nam
557 3099 606 3175 qrri
629 3099 657 3157 in
676 3097 756 3157 ltalia
775 3116 824 3157 res
839 3099 902 3157 cius
918 3100 1102 3177 scripserunt
1117 3119 1227 3178 nuper,
1245 3106 1295 3160 aut
1311 3099 1348 3161 ab
1362 3098 1417 3159 illis
1431 3106 1625 3175 sumpsemmt

327 3204 376 3283 qui
399 3204 427 3262 in
450 3202 573 3275 gratiam
596 3200 765 3277 pontificum
788 3201 900 3258 mentiti
922 3205 990 3259 sunt
1011 3203 1109 3260 omnia
1130 3200 1214 3270 olim,
1242 3208 1292 3262 aut
1311 3221 1347 3262 ex
1371 3202 1521 3262 communi
1545 3200 1623 3269 odio,

327 3305 405 3384 quod
428 3303 464 3363 ab
489 3303 612 3363 inimicis
634 3300 819 3379 pontificibus
841 3308 869 3360 et
891 3304 1037 3361 contraria
1060 3302 1184 3362 laetionc
1204 3304 1423 3364 disseminatum
1443 3309 1488 3362 est
1502 3303 1622 3379 passim,

327 3408 451 3466 mutuati
474 3410 556 3472 sunt,
587 3410 700 3464 motum
722 3402 881 3462 clarissimo
909 3403 1079 3478 imperatori
1100 3405 1286 3465 detrahentes
1308 3411 1448 3483 quantum
1478 3402 1658 3464 scelerat0²⁵

259 3505 510 3567 l·⁸¹·Hiltelrcanto
527 3504 748 3565 eoncedendum
764 3502 894 3563 arbitrati
918 3511 995 3564 sunt.
1032 3507 1094 3577 Qua
1118 3507 1154 3567 de
1177 3526 1210 3566 re
1230 3507 1301 3566 alios
1320 3523 1446 3583 sequens
1466 3507 1508 3564 sic
1527 3522 1625 3582 nuper

327 3610 443 3685 scripsit
465 3608 573 3684 hospes
596 3623 679 3665 meus
702 3604 828 3682 Baptista
850 3604 989 3679 Egnatius
1019 3607 1126 3673 „Certe
1150 3625 1300 3686 nunqnam
1323 3606 1424 3667 laudes
1445 3605 1623 3681 Gregorium

248 3696 252 3703 ¹
327 3709 494 3787 pontificem
517 3708 553 3767 ab
578 3726 612 3767 co
636 3705 804 3776 obsessum,
828 3705 1024 3766 adulterinum
1042 3710 1209 3787 pontificem
1228 3727 1320 3770 einum
1337 3715 1366 3768 et
1380 3707 1504 3767 alterum
1520 3726 1624 3785 super·

328 3812 494 3877 inductum,
525 3808 600 3869 dolis
622 3816 651 3868 et
672 3826 784 3868 veneno
808 3810 894 3869 etiam
917 3810 945 3867 in
969 3808 1033 3868 illos
1055 3809 1247 3885 grassatum’.
1287 3810 1352 3871 Non
1375 3810 1507 3869 desinam
1529 3811 1624 3869 amico

328 3913 433 3973 exirnie
460 3910 555 3987 pcolro
584 3919 612 3971 et
640 3911 772 3987 inprimis
794 3911 927 3970 modesto
950 3910 1130 3972 familiariter
1153 3912 1349 3990 respondere:
1381 3929 1449 3970 nam
1473 3910 1551 3989 quod
1575 3908 1659 3969 aliiae

327 4012 475 4079 seriluurt,
499 4012 567 4088 qnid
584 4011 620 4070 ad
644 4031 691 4070 me
713 4012 858 4088 pertinet?
887 4019 966 4071 certe
982 4031 1131 4091 nunquam
1149 4015 1234 4075 etiam
1251 4013 1366 4081 laudes,
1382 4012 1501 4090 Egnati,
1521 4012 1626 4071 fraude

327 4115 449 4191 petitum
473 4112 509 4171 ab
533 4111 581 4172 illo
605 4115 763 4188 impostore
783 4130 884 4188 regem
906 4131 973 4172 rere
989 4114 1185 4175 Cluistiannm
1208 4134 1242 4175 ac
1264 4122 1432 4182 strenuum,
1455 4111 1627 4189 pestilentes

327 4215 486 4275 concitatas
508 4215 537 4273 in
560 4213 714 4271 Germania
738 4212 900 4272 discordias
922 4222 951 4273 et
972 4216 1144 4284 seditiones,
1168 4224 1285 4278 coaetos
1307 4216 1336 4275 in
1358 4221 1490 4274 mutuam
1513 4212 1625 4273 caedem

327 4336 362 4377 ac
384 4316 533 4392 sanguinis
560 4316 731 4374 ellusiouenr
759 4314 908 4392 principes
936 4322 965 4373 et
991 4316 1134 4393 populum
1157 4317 1369 4383 Christianum,
1399 4314 1546 4375 turbatam
1568 4314 1625 4374 lta·

327 4417 410 4487 liam,
440 4417 616 4477 devastatam
643 4415 749 4476 urlrem
771 4415 909 4485 Romam,
939 4418 1070 4476 saeritum
1099 4419 1191 4488 lecro,
1220 4424 1383 4497 grassatum
1407 4433 1535 4484 venenn;
1569 4426 1659 4475 neem

328 4527 441 4580 tantum
465 4538 615 4598 nunquam
638 4518 739 4579 laudes
761 4517 839 4587 lraec,
868 4518 918 4578 sed
943 4537 1007 4595 quae
1030 4525 1079 4579 tua
1103 4527 1147 4578 est
1168 4520 1335 4597 integritas
1361 4517 1411 4578 ubi
1434 4516 1626 4596 quemadmo-

260 4622 398 4681 §.netum
421 4629 546 4702 uterque
569 4621 637 4681 νίκίῑ
658 4619 865 4698 perpenderis,
888 4637 1009 4679 accuses
1033 4622 1118 4679 etiam
1142 4627 1228 4699 atque
1251 4620 1409 4699 improbes.
1443 4617 1515 4687 Quae
1530 4626 1629 4696 potest

330 4724 406 4783 enim
430 4742 517 4784 causa
539 4724 609 4783 satis
631 4724 705 4783 iusta
728 4722 849 4800 gerendi
870 4719 938 4781 belli
961 4740 1026 4782 esse
1049 4724 1076 4783 ei
1103 4724 1150 4783 cui
1178 4741 1265 4783 omne
1293 4720 1384 4796 semel
1411 4718 1540 4780 bellandi
1565 4727 1628 4780 stu·

396 4959 479 5010 ⁸iste
497 4959 658 5009 voluitM.
711 4957 959 5024 ⁹orrogarer...r.
1012 4956 1034 4990 ¹⁰
1052 4956 1147 5024 Bruto]
1166 4959 1240 5009 Plut.
1254 4962 1282 5009 in
1302 4959 1337 5009 ei.
1350 4959 1400 5007 vit.
1416 4960 1440 5006 1.
1488 4955 1509 4988 ¹⁸
1528 4956 1630 5007 haberi

331 5046 390 5093 Μ.
462 5044 576 5105 ¹⁶eum,
598 5046 812 5108 ettemq.2...d.
882 5041 1274 5109 ¹³disp..]ef.Psalm.X1.4.
1345 5041 1433 5108 ²⁰qui
1450 5039 1487 5108 p]
1507 5042 1628 5092 cf.1ssi.

330 5128 458 5180 xxvnr.
476 5127 515 5179 17.
568 5126 877 5208 ²³morantem.
930 5127 952 5159 ²⁹
972 5125 1143 5177 crellatr'rA.
