4067 6209
401 775 538 825 CXXXII.
559 792 641 827 nrrr.
655 792 691 825 an
706 791 784 824 reru.
799 792 833 825 nn
847 792 951 824 arrsns
966 791 1018 823 rno
1034 773 1212 824 enirnursnb
1226 789 1374 824 aronourn.
1396 782 1454 826 titt.
1503 760 1576 832 289

279 949 308 1006 in
331 965 424 1024 eaque
447 944 654 1024 prosequenda
678 943 757 1003 lraud
780 944 864 1003 aliter
885 963 920 1003 ac
942 942 1068 1021 publicar
1090 942 1213 1003 alicuius
1241 949 1269 1001 et
1297 941 1383 1019 plane
1413 946 1577 1005 communis

278 1050 392 1107 iniuriae
415 1047 570 1106 vindictam
595 1047 730 1105 universa
753 1063 846 1123 prope
868 1043 1004 1103 nobilitas
1027 1046 1205 1121 susceperit,
1235 1052 1265 1103 tn
1290 1045 1424 1103 inventus
1446 1064 1523 1104 nnus
1545 1064 1577 1105 es

279 1151 329 1228 qui
359 1167 418 1207 non
446 1147 535 1206 modu
564 1145 619 1206 snb
649 1146 712 1205 lraec
740 1147 905 1221 signamen
930 1146 1090 1213 concedas,
1122 1145 1174 1205 sed
1196 1145 1351 1205 hostilibus
1373 1148 1462 1206 etiam
1485 1150 1576 1225 copiis

279 1251 359 1308 omni
382 1257 409 1307 te
432 1256 539 1307 conatu
562 1248 690 1307 inseras?
713 1247 777 1308 Non
802 1247 897 1306 dicam
920 1247 976 1306 boc
998 1249 1076 1307 enim
1100 1247 1178 1325 quod
1194 1249 1311 1322 gravius
1327 1253 1379 1315 est,
1397 1247 1574 1327 (quanquam
1590 1255 1637 1305 tt.

257 1351 349 1428 squid
379 1349 471 1409 relert
499 1349 572 1414 dici,
602 1367 669 1407 cnm
699 1356 728 1408 tn
759 1348 839 1408 illum
864 1350 971 1408 veteris
996 1350 1130 1408 amicitia¹
1153 1348 1253 1408 lunem
1276 1350 1318 1407 sic
1340 1348 1481 1409 violenter
1505 1351 1576 1410 inci-

278 1452 382 1528 derist‘t
408 1453 490 1529 prins
513 1459 681 1509 nostrarum
706 1456 733 1508 te
757 1450 846 1509 luisse
869 1452 1012 1527 partium,
1038 1448 1142 1509 deinde
1166 1451 1265 1510 neseio
1288 1469 1346 1527 quo
1367 1440 1455 1509 motu
1470 1451 1506 1511 ad
1523 1451 1575 1510 bo·

277 1552 350 1611 stilia
376 1551 567 1628 transfugisse
591 1559 696 1610 castra.
742 1551 836 1628 Atque
860 1551 906 1610 bic
929 1551 1099 1611 iamdudum
1129 1551 1178 1628 qui
1208 1550 1283 1609 banc
1312 1552 1447 1611 iniuriam
1479 1571 1574 1613 meam

279 1655 405 1731 iniquius
434 1660 521 1731 atque
550 1655 612 1730 ipse
641 1669 696 1727 ego
726 1652 838 1720 lerunt,
869 1659 900 1711 ut
930 1658 957 1710 to
986 1651 1082 1730 aliqua
1112 1653 1279 1727 ignominiae
1308 1650 1576 1732 ll'irteupergensis

278 1762 358 1830 gutta
381 1755 572 1832 adspergant,
596 1759 768 1831 expectant;
793 1770 889 1830 neque
913 1769 967 1829 ego
991 1760 1018 1811 te
1042 1752 1070 1811 id
1093 1754 1237 1812 meruisse
1262 1755 1379 1813 nescius
1401 1773 1483 1822 sum,
1513 1756 1574 1823 sed,

242 1872 344 1934 coquas
373 1875 436 1915 mea
466 1863 509 1914 est
537 1862 657 1921 natura,
688 1855 785 1913 mitius
814 1870 897 1929 agam
928 1860 1026 1913 tecum
1055 1852 1206 1914 lacessitus
1234 1873 1322 1933 quam
1350 1874 1466 1914 mecum
1490 1864 1522 1915 tn
1545 1858 1574 1916 in

248 2005 252 2018 .
277 1959 410 2017 amicitia
442 1957 537 2016 adbuc
569 1958 706 2034 opinione
729 1958 912 2014 constitutus.
958 1955 1019 2014 Etsi
1043 1954 1150 2013 crebro
1172 1954 1242 2014 milri
1265 1953 1413 2015 inculcant
1435 1956 1474 2016 illi
1497 1968 1634 2018 nun-to.

277 2077 364 2137 qnam
393 2066 421 2117 te
451 2060 505 2117 nisi
535 2060 678 2118 maiorem
708 2058 807 2117 nescio
832 2058 914 2117 cuius
936 2057 1093 2134 pecuniam
1116 2056 1256 2115 odoratus
1279 2074 1372 2124 esses,
1403 2060 1575 2118 commissu·

241 2171 247 2181 '
277 2179 343 2219 rum
373 2161 462 2219 luisse
492 2167 523 2218 ut
551 2167 653 2219 contra
686 2166 767 2218 tuum
798 2159 946 2226 ordinem,
982 2165 1085 2216 eontra
1114 2158 1252 2233 pristinas
1281 2158 1436 2226 amicitiaS,
1472 2168 1573 2221 ‹torrtra

276 2261 427 2339 publicum
451 2263 616 2321 Germanias
648 2278 682 2319 ac
711 2261 826 2339 imperii
855 2261 942 2319 totius
965 2259 1076 2318 bouum
1099 2259 1225 2317 bominis
1248 2259 1316 2318 todi
1339 2278 1373 2318 ac
1396 2259 1573 2321 detestabilis

242 2369 306 2421 net
327 2362 446 2439 publico
462 2364 555 2421 'etiam
580 2361 686 2421 iudicio
710 2362 895 2421 coudemnati
918 2378 1037 2419 cansam
1059 2361 1193 2419 tuereris
1230 2360 1315 2432 erod
1337 2366 1370 2419 nt
1387 2378 1489 2420 rerum
1513 2380 1570 2421 rron
1587 2378 1633 2427 §.a

276 2466 328 2530 sit,
358 2482 454 2542 neque
484 2465 551 2522 item
581 2463 628 2522 illa
652 2465 680 2522 in
704 2472 731 2522 te
755 2463 830 2522 lama
855 2468 1013 2537 congruat,
1044 2480 1101 2539 qua
1124 2460 1234 2529 lertnr,
1265 2480 1331 2520 cnm
1355 2463 1499 2540 principio
1522 2483 1572 2523 ne·
1665 2466 1668 2469 ’

276 2566 346 2640 gotii
376 2565 462 2623 buius
490 2584 593 2624 omnes
621 2583 690 2624 snas
719 2582 819 2630 curas,
855 2582 973 2623 omnem
1001 2562 1240 2631 sollicitudinem,
1274 2563 1371 2623 abdita
1400 2570 1429 2622 et
1456 2583 1573 2636 arcana,
1602 2557 1605 2568 ⁴

276 2667 355 2725 relnt
379 2666 504 2725 bominis
526 2669 571 2726 sui
594 2667 785 2726 amantissimi
808 2665 921 2744 sibique
944 2682 998 2741 per
1022 2665 1118 2723 omnia
1141 2664 1206 2730 lidi,
1235 2664 1274 2723 ita
1300 2666 1328 2723 in
1352 2665 1450 2724 sinum
1471 2666 1574 2743 prolu-

276 2767 367 2826 disset
394 2775 478 2826 tunm
507 2768 708 2834 Lmloriclms,
741 2767 850 2846 tibique
879 2767 914 2826 ad
938 2765 1084 2825 Casuram
1112 2767 1172 2825 iam
1199 2773 1262 2825 tum
1291 2765 1488 2843 proficiscenti
1509 2786 1574 2828 rem

242 2876 369 2933 rototam
393 2871 599 2937 commisisset,
624 2888 719 2948 neque
741 2877 773 2929 tu
795 2887 855 2928 non
876 2873 1013 2946 prompte
1028 2867 1228 2945 peragendam
1244 2869 1407 2947 accepisses
1422 2885 1573 2944 magnam·

276 2990 334 3049 que
362 2972 425 3029 seni
454 2970 604 3030 iudustriar
633 2979 689 3030 tum
717 2988 800 3049 spe-m
827 2970 961 3037 lec-isses,
992 2977 1166 3048 corruptum
1195 2976 1223 3027 te
1252 2967 1339 3046 paulo
1367 2979 1433 3047 post
1455 2975 1571 3051 tyranni
1586 2989 1632 3041 §.a

275 3071 451 3131 muneribus
473 3074 569 3131 omnia
593 3074 745 3133 invertisse
768 3092 802 3132 ac
826 3080 957 3132 nostram
979 3072 1058 3151 apud
1077 3069 1222 3130 Caesarem
1245 3070 1452 3131 contumeliam
1475 3072 1572 3133 verbis

276 3169 423 3237 elevasse.
453 3171 529 3233 illins
559 3180 661 3233 eontra
689 3173 785 3233 scelus
815 3192 956 3233 excusare
985 3180 1139 3240 conatum,
1173 3180 1204 3231 nt
1226 3190 1322 3250 neque
1349 3170 1412 3240 illa,
1443 3174 1571 3251 inquam,

275 3277 308 3336 in
329 3283 356 3335 te
380 3276 455 3335 lama
480 3281 640 3350 congruat,
665 3293 833 3355 quanquam
857 3275 1043 3335 Lnduriclrus
1066 3275 1128 3350 ipse
1150 3274 1293 3339 monitus,
1324 3290 1360 3331 ne
1383 3272 1434 3333 tibi
1457 3275 1571 3343 lideret,

238 3396 427 3456 aanuuqnam
457 3384 522 3453 post
551 3396 619 3436 eum
647 3377 723 3437 diem
754 3379 830 3437 risus
858 3384 903 3435 est
931 3376 1112 3435 familiariter
1143 3373 1295 3440 currlerre,
1326 3374 1435 3434 nedum
1463 3375 1571 3453 aliquid

274 3498 413 3545 suorum,
439 3485 470 3537 ut
492 3480 588 3555 prins,
612 3478 839 3538 sollicitudinum
862 3479 1095 3545 communicare,
1120 3484 1216 3535 tamen
1240 3482 1272 3533 ut
1293 3478 1472 3536 mentiantur
1493 3478 1522 3536 in
1544 3484 1572 3537 to

275 3580 423 3646 homines,
454 3587 482 3639 et
504 3579 551 3639 ille
574 3579 664 3640 lalsus
687 3581 775 3639 luerit
798 3581 833 3639 de
856 3588 884 3639 te
907 3588 939 3638 ut
961 3580 1002 3637 sic
1027 3578 1176 3641 crederet.
1204 3576 1341 3655 illamque
1365 3575 1416 3637 tibi
1434 3571 1570 3653 magnifr-
1584 3591 1630 3641 §.u

274 3700 340 3742 cam
363 3689 493 3759 pateram
516 3680 572 3740 alio
595 3682 728 3750 nomine,
764 3699 822 3740 uon
856 3691 886 3740 ut
915 3688 1017 3740 eontra
1046 3697 1100 3738 nos
1128 3679 1183 3738 sibi
1211 3678 1396 3746 consuleres
1431 3685 1572 3757 tyrannus

274 3784 404 3850 dederit,
428 3790 507 3843 otte
530 3784 626 3841 Caesar
650 3785 712 3860 ipse
735 3782 808 3841 lalso
831 3782 922 3842 multa
945 3790 972 3841 te
996 3781 1114 3857 indigna
1138 3780 1289 3839 admisisse.
1312 3787 1341 3839 et
1363 3779 1521 3840 crediderit
1544 3788 1572 3840 et

236 3885 337 3948 soaliis
370 3887 562 3962 persuaserit,
597 3891 695 3945 tamen
726 3903 793 3944 cum
821 3892 849 3944 te
880 3886 922 3943 sic
953 3892 986 3944 nt
1014 3883 1136 3942 fratrem
1165 3880 1299 3941 dilexerit
1327 3898 1443 3959 semper
1473 3880 1570 3942 Ludo·

273 3987 376 4046 viclms
398 3986 618 4064 tibiquesrdem
641 3989 670 4046 in
694 3987 830 4057 omnibus
853 3986 1005 4054 balmerit,
1035 3992 1064 4044 te
1091 3984 1232 4061 pecnnia,
1262 3990 1290 4042 te
1318 4000 1374 4060 ope
1402 4002 1436 4043 ac
1465 3982 1570 4061 opibus

274 4090 448 4148 amicissime
471 4107 588 4166 semper
611 4090 738 4160 imerit,
761 4089 829 4167 qnid
854 4088 950 4147 lacere
974 4106 1033 4146 non
1056 4086 1182 4146 debuisti
1210 4084 1267 4143 boc
1296 4102 1333 4144 ne
1356 4084 1469 4144 laceres
1491 4086 1568 4162 quod

273 4192 303 4249 in
326 4188 402 4249 illins
425 4189 646 4270 liberorumque
668 4192 731 4251 cius
754 4189 960 4251 contumeliam
985 4205 1107 4264 vergere
1130 4188 1239 4248 scires?
1272 4188 1295 4246 Α
1318 4205 1365 4246 mc
1388 4204 1458 4247 rere
1481 4196 1638 4264 quamtro.

273 4309 334 4349 non
351 4291 543 4351 conveniebat
566 4292 641 4350 lrarrc
665 4299 692 4350 tc
715 4294 876 4372 auspicari,
902 4294 1020 4370 quicum
1044 4289 1094 4349 tibi
1118 4296 1224 4366 prater
1247 4288 1318 4348 alias
1340 4287 1570 4349 necessitudines

237 4415 265 4456 aa
275 4393 442 4452 studiorum
465 4395 551 4452 etiam
575 4395 742 4452 comnmnio
765 4393 837 4453 luit?
865 4395 960 4472 Atque
982 4394 1070 4479 igitnr
1093 4397 1202 4469 quanto
1225 4390 1466 4467 intemperantius
1488 4385 1571 4446 tute

273 4495 367 4569 geris,
399 4496 448 4572 qui
471 4496 512 4553 sic
536 4495 674 4554 ardenter
697 4494 798 4560 odisti,
830 4513 918 4572 quam
942 4510 1011 4569 ego,
1044 4493 1094 4570 qui
1121 4490 1174 4550 abs
1202 4498 1229 4550 te
1255 4490 1341 4550 lassus
1363 4507 1432 4551 cum
1453 4505 1569 4565 possem

274 4594 330 4654 alio
359 4594 486 4672 quodam
518 4596 604 4654 modo
632 4597 767 4655 iniuriam
797 4596 873 4655 lianc
899 4593 1086 4671 ‹expostularc
1109 4599 1222 4658 tecum,
1252 4592 1292 4650 sic
1316 4607 1371 4666 ago
1394 4597 1422 4649 ut
1446 4607 1505 4647 non
1529 4590 1569 4647 ri·

273 4697 346 4756 dear
374 4698 580 4756 crmtmneliam
610 4696 686 4755 lacto
715 4697 833 4764 ulcisci,
863 4697 913 4754 sed
943 4697 1069 4769 iurgium
1100 4693 1183 4771 qnasi
1212 4691 1302 4750 rcrbu
1324 4689 1451 4757 diluere,
1481 4689 1568 4768 idque

273 4807 382 4877 przet‘er
405 4800 567 4857 amicornm
591 4799 729 4857 consilia?
764 4799 819 4856 iam
843 4797 898 4856 boc
922 4814 1023 4855 onmes
1046 4794 1115 4854 milri
1144 4792 1270 4851 clarnaut
1296 4781 1374 4849 enini
1403 4790 1487 4861 ‘Quid
1517 4791 1636 4859 triten.

236 4927 264 4966 ιο
275 4906 427 4978 acceptam
451 4902 479 4959 in
503 4908 531 4959 te
555 4900 640 4959 talem
664 4898 870 4958 contumeliam
900 4916 959 4956 non
982 4896 1089 4971 insigni
1112 4894 1209 4972 aliquo
1232 4893 1362 4952 facinore
1385 4890 1565 4952 ulciscerisi'

343 5085 501 5153 ¹perseq2.
538 5085 854 5150 ttt'iirtenoorgeusisr.
890 5082 1089 5149 luspcrgamz
1127 5079 1565 5153 '⁷ubditnlproedita)corr.ll.2.

298 5205 307 5240 ι
333 5188 464 5240 Hvrrsur
484 5188 552 5239 Ore.
571 5204 635 5239 ror..
650 5188 672 5238 1.
1311 5163 1348 5225 ¹9
