4067 6209
469 744 541 818 128
575 757 716 811 xxxxtr.
735 772 877 810 eusenius
890 773 927 810 ro
940 774 1054 811 zvrson.
1066 774 1109 810 sn.
1125 767 1192 810 ott.
1202 774 1264 811 ocu.
1294 760 1449 812 xxxxtss.
1463 776 1533 812 noni
1546 775 1583 813 ro
1595 777 1699 813 eursu.
1711 775 1758 812 nr.

483 1049 618 1083 ursinum.
630 1086 632 1089 ,
1008 1015 1214 1092 XXXXII,
1500 1050 1526 1084 o.
1536 1044 1639 1087 ποστ.
1653 1051 1679 1084 n.
1688 1044 1750 1087 1516.

859 1205 1011 1263 zvtnotto
1034 1207 1096 1264 SVO
1119 1207 1315 1264 obruendus
1337 1207 1363 1264 S.

545 1338 652 1416 Scripsi
674 1358 775 1416 nuper,
803 1342 943 1398 carissime
966 1342 1085 1406 Uldrieo,
1115 1352 1142 1399 et
1164 1344 1304 1417 copiosius
1328 1351 1355 1400 et
1384 1344 1502 1400 fortasse
1529 1346 1669 1401 cordatius
1698 1364 1760 1419 qum

465 1430 492 1485 in
516 1445 572 1483 rem
596 1436 668 1483 tuam
690 1444 835 1482 curassem.
860 1445 893 1481 ne
916 1445 980 1483 vero
1003 1429 1162 1502 interceptae
1178 1428 1264 1484 litoris
1280 1430 1387 1485 auidum
1404 1437 1430 1484 te
1446 1430 1567 1492 reddant,
1592 1432 1643 1486 iam
1659 1432 1759 1493 denuo,

465 1523 525 1570 osto
548 1529 642 1568 manus
665 1512 783 1585 frigeant
805 1512 954 1585 (frigebant
976 1513 1047 1569 enim
1070 1515 1196 1576 manime,
1219 1532 1280 1570 cum
1296 1514 1353 1571 haec
1375 1514 1541 1587 scriberem),
1564 1517 1711 1572 certiorem
1728 1530 1782 1572 cas

464 1600 498 1655 de
520 1616 550 1654 re
573 1598 651 1652 lacio.
696 1597 753 1652 Emi
777 1597 824 1652 tibi
847 1598 956 1671 Copiam
978 1616 1065 1654 coruu
1086 1616 1147 1655 cum
1168 1599 1312 1673 Pompeio,
1335 1599 1456 1655 Varrone
1479 1608 1506 1655 et
1526 1600 1622 1663 Nouio.
1646 1602 1760 1657 bactan-

463 1685 533 1740 tium
554 1700 615 1739 cum
638 1682 820 1743 Tertulliano.
845 1699 900 1737 nou
915 1683 1016 1739 addens
1032 1691 1163 1756 quantum
1179 1684 1321 1757 quodlibet
1336 1684 1445 1740 illorum
1462 1692 1583 1741 constet:
1607 1687 1664 1742 scio
1687 1687 1760 1741 enirn

464 1779 492 1824 te
515 1768 578 1823 milri
602 1766 737 1823 confidere
760 1775 791 1821 ut
813 1768 913 1829 amico,
951 1776 1032 1841 atque
1063 1776 1091 1824 tu
1121 1786 1230 1842 quoque
1252 1767 1307 1824 n‘ou
1330 1787 1359 1824 es
1382 1770 1482 1825 inscius
1512 1788 1591 1843 quam
1622 1770 1761 1826 illibenter

463 1854 536 1910 ‹loeti
560 1852 800 1926 supputationibus
823 1851 877 1907 illis
900 1870 960 1907 seso
983 1853 1148 1926 astringunt.
1193 1852 1316 1909 llabuisti
1344 1872 1446 1909 mecum
1474 1862 1590 1914 3scuta
1622 1864 1649 1910 et
1679 1873 1760 1928 quar-

464 1939 550 1994 tarios
572 1938 641 1993 duos
663 1938 791 1992 minores.
828 1954 931 1992 sumnia
953 1944 1044 1992 autem
1066 1939 1164 1994 borum
1186 1939 1309 1994 codicum
1333 1939 1396 1993 lacit
1418 1945 1435 1995 2
1457 1956 1554 1995 aureos
1571 1947 1598 1995 ot
1614 1948 1648 1999 35
1663 1939 1793 2013 plapp.1o

463 2023 601 2080 basilicos.
645 2022 771 2078 Cetorum
793 2022 872 2078 mitto
896 2022 943 2077 tibi
966 2022 1192 2095 exquisitissimas
1215 2022 1274 2078 illas
1291 2022 1426 2095 Epistolas
1442 2023 1619 2079 obscurorum
1638 2025 1757 2080 virorum

464 2110 496 2164 ad
511 2108 670 2164 Portuinmn
687 2107 821 2169 Graecum.
845 2107 935 2163 dicere
950 2106 1023 2163 volui
1040 2107 1182 2164 Ortuinum
1198 2108 1333 2170 Graiium,
1356 2108 1510 2184 ampliatas,
1532 2126 1586 2164 non
1609 2110 1759 2172 restrictas,

464 2194 610 2268 explicatas
633 2200 660 2247 et
683 2192 834 2267 replicatas.
879 2192 939 2266 lpse
961 2193 1020 2248 vult
1042 2210 1072 2249 se
1093 2202 1238 2269 percutere
1260 2211 1321 2250 eum
1343 2210 1389 2255 eo.
1419 2201 1445 2249 et
1474 2193 1574 2250 lacerat
1598 2193 1760 2258 mirabiliter

463 2296 577 2352 grossos
601 2278 706 2333 bossos.
750 2277 930 2351 Hieronymus
952 2278 1104 2352 dispositus
1126 2286 1183 2341 est,
1214 2278 1261 2334 sed
1291 2278 1480 2352 bibliopborus
1509 2279 1606 2335 ducere
1632 2296 1686 2335 uon
1711 2298 1760 2351 po

463 2365 530 2429 tuit;
552 2362 707 2420 curabimus
729 2369 820 2418 autem
841 2363 1000 2437 propediem
1022 2371 1053 2419 ut
1075 2363 1211 2426 Ercmum,
1241 2381 1321 2438 quam
1345 2381 1453 2437 semper
1475 2365 1564 2419 vivens
1589 2363 1756 2426 inhabitarit,
1771 2375 1795 2415 15

463 2450 540 2505 visat.
585 2448 670 2504 Unum
694 2455 736 2503 est
759 2464 924 2520 magnopere
946 2447 978 2503 ad
1001 2466 1058 2505 rem
1081 2449 1237 2523 pertinens:
1266 2449 1326 2504 vide
1348 2457 1378 2504 ut
1401 2457 1429 2504 et
1451 2448 1587 2505 Frobenio
1611 2459 1638 2504 et
1661 2467 1759 2505 socero

464 2535 522 2590 eius
544 2533 683 2589 baclmero
707 2533 831 2606 utrisque
853 2531 1013 2604 singillatim
1036 2534 1138 2590 scribas
1159 2533 1335 2598 amicissime;
1358 2550 1389 2589 ea
1412 2551 1455 2589 res
1477 2535 1558 2589 faciet
1574 2542 1603 2589 ut
1619 2551 1680 2590 cum
1697 2534 1761 2589 libri

463 2619 509 2675 alii
531 2619 687 2679 adveniant,
718 2616 768 2673 tibi
789 2617 975 2691 promptiores
1002 2619 1240 2693 patrociniumque
1267 2621 1356 2675 metim
1384 2636 1417 2675 eo
1447 2618 1534 2674 lenius
1557 2619 1662 2675 serent:
1697 2637 1760 2675 cum

464 2704 536 2760 enim
559 2702 623 2758 boni
646 2700 708 2757 libri
730 2702 914 2765 adducuntur,
949 2720 1044 2759 ornnes
1067 2702 1193 2759 advolant
1220 2704 1437 2777 prmripiuntque
1465 2703 1556 2766 scioli,
1592 2705 1638 2777 qui
1669 2722 1759 2777 neque

465 2788 622 2861 intelligunt
644 2803 732 2861 neque
754 2786 847 2860 legent
868 2804 996 2860 unquam.
1041 2805 1122 2863 spero
1145 2796 1235 2843 autem
1258 2796 1322 2862 post
1349 2789 1419 2845 duos
1446 2807 1553 2845 menses
1582 2807 1613 2845 ex
1636 2789 1797 2845 Venetiisoo

464 2891 588 2947 magnam
610 2872 742 2928 librorum
764 2871 877 2936 molem,
910 2873 937 2928 in
960 2873 1039 2929 litera
1068 2874 1148 2929 etiam
1170 2872 1281 2936 Aldina,
1311 2875 1363 2930 buc
1392 2875 1462 2930 duci.
1488 2915 1760 2938 ............

380 2943 387 2966 ’
463 2959 619 3015 basileca.
642 2957 668 3012 d.
691 2957 754 3012 Vlll.
777 2957 831 3014 Cal.
847 2958 911 3015 Nor.
927 2960 976 3015 Ao.
993 2958 1021 3014 C.
1038 2965 1115 3020 1516.
1145 2959 1244 3016 Omnes
1266 2958 1392 3034 discipuli
1415 2959 1534 3017 salutare
1558 2968 1585 3017 te
1608 2960 1758 3016 iusserunt.

463 3044 577 3118 ignosce
598 3042 741 3100 celeritati.

1029 3174 1192 3187 ἡ

710 3225 850 3277 xxxxtl.
870 3224 992 3289 Zuinglii
1005 3225 1076 3291 Opp.
1092 3226 1152 3275 citt.
1165 3226 1228 3276 VII.
1248 3227 1270 3275 1.
1289 3243 1315 3292 p.
1326 3226 1364 3276 17.
1373 3243 1412 3292 sq.
1432 3228 1470 3276 n⁰.
1477 3228 1509 3276 V.

911 3480 1311 3501 *-

480 3755 606 3790 nornine
931 3770 937 3782 .
998 3722 1222 3797 XXXXHI.
1555 3744 1590 3785 ot.
1605 3752 1665 3785 oce.
1683 3745 1741 3784 isio.
1771 3748 1798 3788 rs

462 3810 614 3820 —n—
1545 3806 1759 3818 unns——

693 3913 826 3970 Tttoltls
848 3913 960 3970 bonvs
982 3914 1104 3970 botunto
1126 3877 1258 3969 Eblstlo
1281 3911 1343 3967 SVO
1366 3911 1527 3968 SALVTEM.

547 4050 691 4108 llescribo,
714 4049 750 4104 mi
765 4048 888 4112 Erasnie,
912 4050 1015 4113 serius,
1041 4050 1113 4123 quod
1136 4057 1210 4105 certe
1226 4048 1327 4121 aliquid
1344 4048 1463 4104 scribere
1478 4047 1619 4119 cupiebam
1635 4047 1668 4102 de
1686 4065 1759 4120 equo

463 4143 510 4190 tuo
532 4134 566 4189 ab
588 4133 726 4190 Ursewico
749 4134 886 4207 promisso
890 4177 1048 4188 ......
1079 4133 1208 4207 Epistolre
1232 4133 1415 4189 Obscurorum
1438 4134 1557 4188 virorum
1581 4149 1672 4206 operm
1694 4150 1759 4206 pre·

463 4220 529 4276 tium
552 4227 594 4275 est
616 4220 706 4274 videre
729 4226 898 4291 quantopere
921 4218 1029 4293 placent
1052 4218 1194 4280 omuibus,
1226 4226 1252 4273 et
1280 4218 1368 4274 doctis
1392 4220 1452 4274 ioco
1481 4225 1508 4272 et
1532 4217 1649 4272 indoctis
1673 4218 1757 4278 serio,

461 4306 507 4379 qui
529 4305 593 4361 dum
615 4303 747 4365 ridemus,
776 4311 874 4377 putant
903 4304 985 4360 rideri
1009 4303 1109 4376 stylum
1132 4311 1250 4365 tantum,
1278 4321 1358 4378 quem
1380 4302 1419 4357 illi
1443 4320 1498 4358 nou
1520 4302 1683 4363 defendunt,
1708 4302 1795 4363 sedne

460 4391 592 4464 gravitate
615 4389 811 4445 sententiarum
833 4389 926 4446 dicunt
948 4396 1152 4463 compensatum
1184 4398 1211 4444 et
1241 4389 1326 4445 latere
1355 4388 1406 4444 sub
1428 4388 1489 4443 rudi
1511 4387 1606 4458 vagina
1629 4386 1777 4459 pulcher·v

459 4477 558 4533 rimum
580 4475 707 4549 gladium.
751 4474 855 4530 Utinam
879 4474 976 4530 luisset
998 4473 1100 4529 inditus
1122 4473 1216 4530 libello
1237 4474 1307 4530 clius
1330 4472 1442 4529 titulus:
1464 4473 1590 4547 prolecto
1607 4472 1679 4526 intra
1693 4489 1758 4527 een·

460 4570 518 4619 tuna
540 4579 627 4617 annos
649 4560 773 4618 homines
795 4560 886 4616 studio
908 4558 1009 4633 stupidi
1033 4575 1088 4614 non
1111 4560 1261 4615 sensissent
1291 4576 1385 4615 nasum
1414 4575 1567 4633 quanquam
1597 4556 1758 4613 rhinocero-

484 4728 487 4735 '
543 4744 699 4806 xxxxnr.
718 4744 827 4794 crisma
840 4734 1070 4810 opponendo,
1089 4741 1214 4807 Appenu.
1234 4756 1306 4791 num.
1318 4757 1445 4792 simu.
1465 4739 1526 4790 0011.
1543 4738 1616 4788 1574.
1628 4754 1669 4803 sq.

528 4934 549 4967 ¹³
567 4950 597 4985 se
616 4941 763 5001 pereutere
781 4949 843 4983 cum
862 4931 903 4999 eo]
916 4935 1015 4983 :sled
1032 4936 1075 4983 mit
1093 4933 1141 4982 idm
1158 4932 1287 4995 cedlapen,
1307 4929 1427 4979 ‹lirellum
1447 4944 1472 4992 q.
1492 4929 1516 4976 d.
1543 4943 1603 4977 eum
1623 4942 1656 4976 eo
1674 4927 1783 4979 inire.-

461 5017 481 5051 ¹⁴
500 5036 610 5084 grossos
628 5017 733 5083 bossos]
748 5038 783 5063 =
794 5020 874 5084 probe
886 5020 987 5081 Postea,
1006 5016 1070 5067 Sunt
1081 5018 1189 5082 phrases
1201 5014 1309 5078 Epp.O.
1321 5016 1353 5064 V.
1394 5012 1414 5045 ¹⁵
1432 5008 1570 5075 Ercmum]
1590 5011 1757 5072 Einst'cdelu‚

459 5103 503 5151 obt
518 5110 568 5153 tum
587 5104 713 5170 Zotnplius
729 5104 868 5154 dubitabat.
911 5105 1053 5153 Glareanus
1070 5102 1183 5168 untdique
1201 5100 1271 5149 aerbt
1281 5100 1439 5150 sensuludr't.
1509 5096 1531 5129 ²⁹
1550 5112 1575 5147 a.
1589 5094 1626 5161 ὰ]
1647 5096 1682 5146 ad
1695 5100 1720 5147 1.
