4067 6209
346 733 420 812 266
537 751 633 807 CXXI.
654 768 756 807 rassin
772 768 833 807 sor.
848 768 884 805 an
897 769 979 807 cava.
994 769 1157 809 cruerervar
1170 773 1212 808 re.
1227 772 1253 809 n.
1269 764 1288 810 t.
1303 774 1363 811 nar.
1381 765 1447 812 rste.

347 951 420 996 esse,
450 930 496 990 sod
520 946 670 1006 suppresso
693 928 816 993 nomine:
850 946 945 985 rursus
968 928 1013 985 alii
1037 928 1136 986 Fausto
1160 940 1248 1006 poete
1272 934 1447 1000 tribuebant;
1482 932 1533 991 alii
1558 933 1655 992 lliero·

348 1038 429 1094 numo
451 1018 542 1074 Balbo.
587 1034 639 1087 ego
663 1015 781 1089 quidde
804 1015 846 1070 his
868 1016 1033 1077 coniectem,
1058 1034 1111 1073 non
1135 1017 1234 1080 habeo,
1261 1020 1447 1078 subodoratus
1471 1021 1652 1096 sumquoat

346 1105 436 1167 licuit,
461 1121 552 1159 vurruu
569 1101 687 1158 nondum
710 1101 888 1175 pervestigari
912 1101 984 1173 quud
1000 1102 1090 1158 auimo
1106 1120 1166 1158 nreo
1189 1104 1291 1161 laceret
1313 1108 1388 1162 saus.
1427 1106 1555 1181 desipuit
1576 1107 1653 1181 quis·

347 1191 408 1264 quis
431 1189 555 1263 scripsit,
578 1195 606 1243 at
628 1186 730 1241 maiore
753 1184 887 1259 supplicio
909 1185 1008 1258 dignus
1031 1187 1156 1261 quisquis
1179 1189 1321 1263 evulgavit.
1358 1209 1389 1247 ac
1411 1192 1502 1248 miror
1523 1209 1587 1249 esse
1604 1192 1650 1265 qui

347 1274 408 1331 solo
437 1274 493 1329 stili
518 1278 684 1356 argumento
713 1271 778 1325 mihi
808 1270 955 1326 obtrudere
984 1282 1095 1344 parent,
1124 1291 1185 1329 curn
1214 1292 1264 1331 nec
1291 1293 1348 1331 mea
1377 1277 1414 1332 sit
1437 1277 1566 1351 phrasis.
1598 1277 1671 1333 nisit

347 1378 461 1435 prorsus
485 1360 542 1432 ipse
565 1358 629 1413 milri
653 1374 712 1411 sum
737 1356 863 1429 ignotus,
894 1373 943 1411 nec
965 1356 1062 1411 mirum
1092 1357 1127 1412 sit
1150 1359 1297 1422 futurum..
1315 1361 1395 1417 etiam
1424 1363 1501 1436 siqui
1528 1363 1556 1417 in
1590 1380 1651 1418 ora·

349 1447 423 1501 tione
452 1443 576 1499 nonnihil
606 1443 742 1497 referrent
771 1439 949 1502 Erasruicum,
978 1458 1040 1496 curn
1063 1460 1155 1497 verser
1184 1444 1210 1499 in
1235 1445 1359 1501 manibus
1382 1448 1522 1509 omnium,
1554 1454 1586 1503 et
1608 1465 1651 1503 rc-

319 1570 328 1585 .
348 1530 461 1587 ierimus
478 1530 534 1584 lere
550 1529 576 1584 in
593 1544 709 1601 quorum
726 1524 833 1580 assidua
849 1524 966 1580 lectione
983 1543 1129 1582 versamur.
1167 1528 1260 1602 Neque
1280 1529 1378 1586 desunt
1394 1531 1438 1589 hic
1453 1532 1504 1605 qui
1520 1533 1650 1588 iactitant

347 1623 421 1672 tuam
437 1630 546 1687 quoque
559 1612 733 1669 reverendam
748 1611 960 1665 dominationem
976 1611 1175 1686 propemodum
1191 1614 1217 1669 in
1233 1632 1291 1670 eam
1307 1617 1491 1690 suspicionem
1503 1618 1650 1674 adductam

347 1717 416 1757 esse.
440 1699 512 1774 quod
527 1698 592 1753 mihi
608 1704 683 1754 certe
698 1712 835 1769 nunqnam
851 1695 1067 1770 persuadebitur,
1083 1698 1170 1755 donec
1184 1717 1344 1772 persuasum
1360 1703 1413 1757 crit
1427 1719 1484 1758 non
1501 1719 1566 1758 esse
1583 1714 1680 1759 vanata

348 1803 408 1859 quaa
423 1785 456 1840 de
478 1784 602 1839 doctrina
618 1781 816 1856 prudentiaque
839 1782 897 1836 cius
919 1780 1069 1836 admirabili
1085 1783 1185 1855 passim
1201 1802 1216 1839 a
1231 1786 1343 1842 summis
1357 1786 1422 1842 viris
1443 1786 1650 1861 praedicantum

349 1888 437 1944 neque
466 1869 610 1943 quicquam
641 1866 782 1928 addubito,
817 1865 881 1939 quin
910 1860 991 1920 eliani
1014 1866 1037 1920 si
1068 1866 1130 1940 quid
1155 1869 1318 1943 suspicionis
1342 1880 1503 1946 occupasset
1525 1872 1647 1928 animum

349 1964 441 2017 tuum,
465 1953 543 2009 lacile
567 1953 616 2008 sim
640 1968 818 2012 excussurus,
844 1951 866 2005 si
888 1968 981 2006 coram
1002 1950 1083 2007 detur
1097 1951 1234 2027 colloqui,
1259 1955 1283 2011 id
1300 1956 1373 2028 qued
1387 1955 1537 2031 aliquando
1554 1956 1647 2013 licebit

348 2042 455 2097 favente
470 2039 587 2094 Christo.
627 2033 737 2092 interim
761 2036 875 2091 obsecro
898 2036 1026 2109 pietatem
1051 2045 1138 2099 tuam,
1162 2046 1192 2094 ut
1215 2039 1267 2095 hoc
1289 2039 1340 2096 sibi
1363 2042 1544 2115 persuadeat.
1569 2041 1647 2098 Eras-

347 2144 421 2182 mum
451 2123 604 2180 huiusmodi
633 2121 742 2179 libellos
770 2120 803 2176 ah
831 2120 891 2175 aliis
913 2122 1086 2194 conscriptos
1109 2131 1136 2178 et
1159 2124 1277 2179 edendos
1300 2127 1502 2200 suppressisse3
1539 2134 1676 2184 tantumts

348 2211 425 2267 abest
454 2217 484 2265 ut
512 2208 667 2264 huiusmodi
697 2206 823 2280 quiddam
852 2206 911 2279 ipse
940 2205 982 2260 vel
1012 2206 1127 2262 ediderit
1150 2208 1191 2263 vel
1214 2209 1337 2266 editurus
1360 2211 1396 2266 sit
1418 2228 1551 2286 unquam.
1597 2191 1674 2269 nec'

348 2297 445 2353 mirum
475 2294 497 2349 si
527 2294 607 2349 isthic
636 2301 699 2348 sunt
729 2291 775 2365 qui
801 2291 834 2345 dc
857 2306 900 2345 me
930 2290 994 2346 talia
1023 2293 1204 2356 mentiantur,
1233 2313 1293 2350 curn
1317 2295 1361 2352 hie
1381 2296 1415 2352 de
1437 2297 1568 2370 proximo
1591 2314 1646 2353 non

348 2382 448 2456 pudeat
479 2379 610 2453 quosdam
639 2375 838 2451 improbissime
866 2375 899 2431 de
929 2393 972 2430 me
1000 2377 1123 2432 mentiri:
1158 2379 1283 2458 onrnihus
1307 2381 1426 2436 omnium
1455 2382 1645 2455 sycophantiis

349 2466 515 2540 respondere
542 2481 597 2520 nou
626 2479 752 2536 possum:
782 2460 833 2517 hoc
857 2460 931 2533 quod
953 2460 980 2516 in
1003 2478 1045 2516 me
1068 2455 1150 2518 situr'u
1173 2472 1228 2526 est,
1258 2464 1396 2539 praestabo
1419 2508 1643 2521 ,,,,,,,,,,

348 2552 418 2606 llene
440 2549 527 2605 valeat
549 2548 577 2603 ll.
594 2549 624 2604 R.
642 2548 670 2602 Τ.
686 2546 713 2601 ll.
737 2546 780 2603 cui
803 2564 845 2602 me
869 2552 955 2600 totum
984 2546 1081 2603 dedico
1108 2565 1303 2625 consecroque.
1345 2551 1456 2607 Lovauii
1479 2552 1561 2608 Anno
1585 2550 1674 2609 mil-rt

347 2635 443 2692 lesimo
467 2632 686 2709 quingentesimo
708 2632 888 2689 decimonono
911 2630 1017 2686 Galrnd.
1041 2631 1109 2687 llaii.

417 2798 467 2866 [Ex
486 2798 606 2865 epistola
629 2796 742 2847 Thomae
759 2799 831 2847 Mori
849 2812 910 2862 quaa
927 2796 1031 2862 legitur
1049 2798 1077 2847 in
1096 2798 1167 2848 libro
1186 2800 1310 2851 indicato
1331 2802 1427 2852 Indice
1446 2801 1514 2851 bibl.
1536 2817 1565 2852 n.
1578 2802 1642 2865 52,'t.

348 2886 405 2937 soll.
420 2886 444 2935 G
457 2885 481 2935 3.
495 2900 563 2949 sqq..
576 2881 641 2942 533.
655 2900 681 2948 p.
695 2882 742 2937 9⁴2..
750 2897 818 2946 sqq,
832 2882 866 2931 de
880 2882 985 2947 dialogi
999 2881 1096 2931 ‘Iulius'
1110 2889 1223 2935 auctore
1236 2886 1307 2936 hunc
1320 2885 1409 2936 locum
1422 2885 1527 2936 addere
1539 2883 1642 2951 iuvatrl

416 2973 478 3035 „De
497 2969 562 3020 Iulii
580 2968 692 3032 dialogo
710 2983 800 3031 neque
820 2968 898 3016 cuius
917 2967 953 3015 sit
972 2981 1062 3030 neque
1081 2969 1233 3019 cuiusmodi
1257 2971 1306 3031 sit,
1331 2972 1398 3021 mihi
1421 2986 1543 3036 unquam
1561 2971 1643 3023 valde

346 3056 430 3107 libuit
448 3071 584 3121 quaerere,
609 3070 670 3104 cum
689 3053 858 3116 dentraque
877 3051 1020 3101 reverias
1039 3053 1173 3103 audierim
1196 3056 1359 3105 sententias.
1395 3057 1457 3106 Hoc
1482 3062 1560 3106 certe
1584 3058 1673 3107 sciata

347 3142 472 3207 protinus
490 3140 622 3190 defuncto
640 3138 712 3188 lulio
731 3153 788 3187 rem
800 3136 918 3185 Parisiis
936 3135 1008 3184 ludis
1027 3141 1120 3186 actam
1138 3137 1265 3202 publicis.
1302 3139 1384 3190 Multi
1402 3142 1642 3193 sciuntueveren-

347 3226 408 3277 dum
427 3232 535 3292 patrem
553 3224 738 3275 Poneherium
756 3221 924 3271 Parisiensis
942 3220 1019 3269 urbis
1038 3224 1206 3283 antistitem,
1232 3225 1279 3287 qui
1302 3224 1356 3273 huc
1379 3223 1491 3289 legatus
1514 3230 1641 3286 venerat,

346 3312 445 3361 librum
463 3312 629 3360 vendicasse
647 3310 765 3367 Fausto,
794 3306 866 3370 quod
883 3311 914 3354 ut
937 3320 1031 3355 verum
1054 3307 1151 3368 fuerit,
1180 3308 1250 3356 nihil
1275 3310 1391 3374 impedit
1407 3310 1569 3374 Erasmum,
1598 3312 1643 3361 eui

346 3399 467 3448 Faustus
485 3412 539 3445 non
558 3395 667 3459 ignotus
682 3397 754 3453 erat,
774 3391 873 3439 librum
887 3389 958 3454 apud
972 3406 1001 3439 se
1016 3406 1122 3456 qnoque
1135 3393 1294 3457 priusquam
1307 3386 1489 3445 excuderetur
1499 3395 1642 3456 habuisse.

346 3482 416 3532 Nam
435 3481 505 3546 quod
525 3496 558 3528 er
576 3479 641 3528 stilo
660 3494 717 3526 rem
736 3471 892 3536 convincis,
913 3489 992 3539 quem
1005 3476 1115 3524 llrasmi
1132 3492 1209 3526 aarum
1223 3484 1306 3543 atque
1319 3479 1486 3544 ipsissimum
1500 3496 1564 3531 esse
1577 3490 1672 3532 con-tt

346 3566 452 3626 firmas,
472 3581 525 3614 non
545 3580 653 3629 possum
672 3562 739 3611 mihi
757 3566 911 3623 temperare
931 3561 996 3623 quin
1015 3560 1134 3623 rideam,
1158 3569 1291 3627 reputans
1310 3580 1414 3613 meeum
1428 3566 1499 3629 quod
1513 3582 1576 3615 cum
1588 3582 1643 3616 non

346 3651 492 3717 permittas
510 3651 639 3710 Erasino,
667 3653 698 3695 ut
716 3663 749 3695 ex
767 3644 832 3694 stilo
851 3645 998 3709 quicquam
1022 3644 1126 3694 iudicet
1149 3647 1177 3695 in
1196 3648 1422 3712 Hieronymianis
1446 3650 1591 3715 operibus,
1620 3652 1642 3701 ie

346 3738 390 3786 cni
410 3735 479 3800 quod
498 3734 623 3783 omnibus
641 3734 670 3782 in
690 3729 817 3780 confesso
836 3734 892 3789 est,
918 3744 1011 3778 ornnes
1035 3730 1169 3780 orationis
1188 3733 1305 3782 virtutes
1322 3734 1379 3783 sint
1402 3734 1641 3799 exploratissimae,

346 3827 375 3871 tu
395 3822 440 3886 qui
460 3820 524 3885 quid
542 3821 581 3869 sit
598 3818 678 3868 stilus
698 3819 747 3864 aut
764 3814 873 3879 phrasis
892 3814 1032 3878 explicare
1051 3829 1106 3863 non
1124 3817 1223 3879 possis,
1243 3833 1356 3882 arroges
1375 3822 1468 3868 tumen
1487 3820 1540 3869 tibi
1560 3827 1591 3870 ut
1609 3837 1642 3872 ex

345 3907 410 3955 stilo
429 3906 573 3954 discernas
590 3901 735 3952 Erasmica
753 3900 781 3948 in
800 3904 880 3948 tanta
899 3898 1085 3947 litteratorum
1104 3901 1199 3963 turha,
1219 3917 1331 3965 quorum
1351 3903 1466 3967 quisque
1488 3905 1579 3971 quoad
1592 3916 1673 3971 po-as

346 3995 402 4039 test
414 3989 584 4039 Erasmicam
598 3988 748 4036 dictionem
768 3989 885 4033 conatur
903 3982 1016 4032 imitari.
1048 3984 1106 4031 lem
1125 4000 1194 4048 pone
1213 3985 1312 4035 librum
1326 3986 1401 4038 illius
1415 4003 1488 4050 esse,
1509 4005 1581 4055 pone
1595 3991 1642 4040 ho-

346 4076 446 4124 minem
464 4073 603 4122 intensum
621 4070 716 4131 bellis,
741 4070 841 4117 iratum
861 4067 1027 4116 turbulentis
1046 4069 1216 4132 temporibus
1234 4071 1326 4135 aliquo
1345 4072 1429 4121 animi
1453 4073 1560 4138 impetu
1581 4092 1642 4140 pro-

346 4163 456 4208 vectum
473 4157 558 4206 latius
577 4171 656 4219 quam
676 4154 785 4219 pacatis
804 4157 865 4216 post
883 4152 933 4200 illa
951 4153 1033 4201 rebus
1053 4158 1081 4201 et
1098 4154 1287 4219 tranquillatis
1306 4156 1453 4206 affectibus
1471 4161 1641 4223 optavisset:

346 4243 461 4309 primunr
484 4241 573 4306 magis
597 4240 647 4289 hoc
672 4242 733 4288 erat
756 4237 944 4301 imputandum
967 4237 1002 4285 iis
1022 4237 1067 4301 qui
1086 4238 1184 4286 librum
1203 4253 1252 4288 suo
1271 4243 1393 4305 tempore
1417 4242 1550 4307 seriptum
1575 4251 1642 4294 tem·

345 4343 411 4393 pore
430 4340 484 4375 non
503 4340 552 4374 suo
570 4325 762 4389 vulgaverunt.
793 4321 892 4370 deinde
912 4336 1001 4385 queso
1020 4325 1048 4371 te
1067 4322 1182 4372 hoccine
1200 4324 1328 4373 monachi
1347 4326 1438 4374 fuerat
1450 4343 1570 4377 errorem
1585 4330 1673 4381 ira-tt

345 4413 395 4463 tris
414 4426 527 4473 eruere,
551 4411 629 4459 cuius
653 4408 774 4458 osticium
797 4406 919 4471 postulet
942 4408 1034 4471 potius
1058 4412 1088 4456 ut
1110 4406 1251 4458 soliterius
1275 4408 1373 4459 sedeat
1397 4425 1430 4460 ac
1453 4426 1504 4460 sua
1522 4419 1643 4477 peccata

345 4499 448 4548 defleat
467 4511 548 4560 quem
566 4500 597 4544 ut
615 4494 709 4543 aliena
728 4496 871 4556 coarguat.
908 4491 1012 4552 Quodsi
1032 4507 1112 4555 quem
1128 4492 1201 4542 liber
1218 4493 1378 4555 offenderit,
1398 4496 1470 4560 apurl
1483 4497 1534 4547 hos
1547 4500 1644 4564 opino,-

344 4583 447 4633 malam
467 4581 551 4631 inibis
570 4579 690 4645 gratiam
709 4576 833 4625 libellum
852 4590 980 4624 asserens
998 4574 1054 4637 illi,
1076 4577 1183 4639 quando
1202 4577 1263 4641 plus
1282 4594 1374 4628 eorum
1388 4595 1402 4628 e
1416 4595 1444 4628 re
1459 4580 1554 4645 luerit,
1574 4598 1643 4648 opus

344 4674 375 4718 ut
392 4669 430 4718 sit
447 4656 609 4716 οἷδέσποτον
627 4679 709 4729 quam
727 4661 762 4711 ab
782 4661 887 4710 autoris
906 4659 1093 4710 aestimatione
1113 4662 1338 4713 commendetur.
1354 4698 1360 4712 .
1374 4667 1420 4732 .“.”

345 4768 549 4779 ..-.-----

412 4816 423 4849 ¹
440 4816 539 4882 Balbo]
559 4825 586 4866 ut
603 4820 657 4866 eius
669 4831 772 4880 operum
785 4814 870 4863 addar
882 4813 914 4861 de
926 4811 1029 4861 lietzer.
1082 4809 1092 4841 ³
1111 4811 1209 4879 desip.]
1224 4815 1337 4880 ineptiit
1349 4817 1374 4866 2.
1388 4832 1445 4882 sqq.
1497 4814 1508 4849 ⁴
1527 4816 1568 4884 at]
1580 4819 1605 4871 de
1619 4823 1641 4870 1,

345 4903 510 4968 mutiet.
564 4903 650 4952 ’rem
665 4898 746 4965 dom]
762 4898 957 4948 celsitudinem
970 4899 995 4944 2.
1008 4911 1065 4961 sqq.
1120 4881 1141 4929 ¹⁰
1158 4914 1212 4948 non
1226 4916 1249 4949 e.
1264 4917 1337 4950 vana
1349 4904 1419 4951 emb.
1434 4904 1458 4951 1.
1514 4901 1642 4956 ¹⁵tardau-

345 4990 393 5040 dos
413 4992 488 5038 1...a.
508 4994 533 5037 et
551 4991 588 5038 εἰ(
601 4990 626 5036 in
643 5003 701 5053 sqq.
753 4974 904 5047 ι(ἶΕ....1).]
925 4980 1076 5046 amplitudo
1095 4986 1142 5031 tua
1157 4986 1180 5033 2.
1194 5000 1251 5050 sqq.
1304 4982 1359 5018 ²⁰⁴¹
1378 4987 1505 5037 Louanio
1527 4988 1642 5054 LMaji,

344 5074 395 5125 An.
411 5072 484 5125 1519.
505 5075 530 5124 4.
583 5070 606 5104 ⁴⁴
623 5061 780 5127 οἷδέσποτος
790 5070 814 5116 1.
830 5064 989 5132 adelpoton.
1003 5066 1030 5114 2.
