4067 6209
449 753 519 823 112
618 768 741 819 XXXVI·
770 776 790 820 l.
802 783 939 819 meroes
951 783 988 819 An
1001 784 1213 819 nxnssuun'vu
1226 783 1292 819 CAES.
1306 784 1410 820 HALIAE
1428 785 1562 821 frenels.

600 936 645 998 bii
666 936 771 1000 melius
792 957 882 1018 quam
902 946 935 999 tu
956 938 1097 1017 desperes
1117 940 1172 1000 ista
1193 940 1306 1009 iurare3

534 1060 570 1100 nu
670 1040 718 1101 Sic
740 1041 846 1112 cecidi,
869 1048 902 1103 ut
923 1042 1032 1120 possim
1054 1059 1177 1120 surgere
1198 1040 1279 1120 lapsa
1302 1050 1414 1110 tamem

597 1141 715 1201 Grande
737 1144 855 1221 quidem
878 1142 997 1213 ruluus,
1020 1144 1072 1204 sed
1094 1144 1192 1205 adbuc
1213 1143 1385 1204 medicabile
1407 1151 1541 1204 nostrum
1564 1152 1617 1212 est,

668 1244 729 1305 Nec
750 1243 821 1305 levis
843 1254 901 1315 est,
925 1265 980 1307 uec
1001 1246 1099 1307 adhuc
1121 1245 1206 1325 plaga
1228 1255 1345 1339 recusat
1367 1265 1463 1323 opem.

596 1346 642 1408 llle
665 1348 718 1406 nisi
741 1355 773 1407 tu
794 1348 935 1419 redimes,
958 1349 1014 1409 nisi
1036 1356 1065 1409 te
1087 1348 1162 1409 duce
1182 1346 1275 1431 libera
1298 1356 1416 1414 restem,

534 1467 572 1507 ree
670 1448 727 1508 'lut
748 1451 865 1512 venient
886 1469 972 1530 reges
994 1451 1044 1530 qui
1066 1448 1150 1510 lacile
1171 1448 1242 1509 illud
1265 1458 1368 1528 agent:

598 1550 641 1613 Nc
662 1551 777 1613 sinete
797 1553 887 1622 vinci,
910 1571 962 1622 ue,
985 1572 1051 1632 quaa
1073 1560 1123 1613 tua
1144 1552 1264 1630 propria
1286 1550 1350 1613 laus
1369 1559 1424 1621 est,

667 1652 749 1714 Hanc
770 1654 898 1733 aliquem
919 1654 1015 1716 media
1036 1655 1224 1733 praeripuisse
1246 1673 1339 1714 niara.

596 1754 656 1816 Nec
678 1755 729 1816 tibi
752 1755 905 1818 Trinacrio
927 1756 1084 1843 sulcandas
1106 1754 1203 1816 littore
1225 1756 1332 1816 lluctus

529 1875 566 1915 2⁰4
666 1856 803 1936 Propone
826 1867 877 1919 eut
898 1858 1002 1920 dubias
1023 1859 1136 1919 lindere
1158 1857 1250 1919 classe
1272 1860 1345 1919 rias:

595 1958 633 2019 Ut
654 1960 725 2019 milri
747 1979 795 2021 rne
817 1960 937 2031 reddaS,
962 1968 996 2022 ut
1017 1968 1047 2022 te
1069 1963 1098 2022 in
1120 1970 1169 2021 tua
1192 1962 1255 2021 iura
1278 1961 1418 2021 reducas:

667 2060 751 2130 Quod
774 2063 878 2133 iacies,
902 2072 951 2124 tua
973 2081 1028 2141 per
1050 2081 1141 2142 regna
1163 2062 1277 2123 tenebis
1299 2065 1370 2132 iter;

596 2160 697 2222 Omnis
719 2163 755 2223 ab
779 2168 910 2251 apposita
933 2166 985 2226 tibi
1007 2185 1039 2227 se
1061 2184 1166 2227 manus
1187 2165 1285 2225 adiicit
1306 2164 1388 2243 Alpe,

531 2284 569 2324 ree
668 2265 808 2327 blaiurem
830 2269 888 2328 rim
910 2287 968 2347 quo
990 2267 1106 2347 lungius
1126 2267 1183 2327 ibis
1205 2267 1310 2335 habes;

597 2366 656 2427 Nec
678 2362 943 2431 tantum'adrersae
964 2372 1098 2431 minuent
1119 2379 1168 2430 tua
1191 2369 1300 2430 rubera
1322 2386 1436 2446 pugnae,

668 2469 816 2539 Quantum
838 2472 916 2532 acies
937 2472 1042 2534 subitis
1065 2480 1178 2533 crescet
1200 2471 1236 2531 ab
1252 2469 1380 2531 auxiliis:

596 2570 651 2640 Qui
674 2571 799 2633 Venetas
821 2574 923 2652 luge're
945 2593 1065 2643 manus,
1088 2592 1163 2651 quos
1185 2572 1277 2648 Gallia
1299 2573 1375 2639 vicit,

530 2692 568 2731 en
667 2673 704 2733 Et
726 2693 813 2753 grave
835 2676 1021 2736 Thusecrum
1043 2677 1093 2755 qui
1114 2694 1241 2737 renuere
1261 2676 1372 2753 iugum,

595 2774 633 2835 Et
653 2776 721 2836 fidei
743 2785 854 2837 serrata
877 2784 936 2838 tuae
957 2797 1023 2857 que
1045 2796 1077 2838 se
1099 2780 1214 2856 agmina
1236 2777 1367 2837 nendum
1398 2779 1401 2784 ’

666 2878 764 2938 Hostis
785 2880 815 2938 in
838 2880 974 2941 adversas
996 2879 1165 2960 explicuere
1186 2898 1299 2948 manus,

594 2978 657 3049 Oua
679 2999 739 3040 nou
762 3000 826 3042 esse
848 2990 948 3060 putas,
972 2982 1122 3044 cliundent
1143 3000 1175 3043 se
1197 3001 1279 3043 arma
1302 2982 1423 3060 virique,

527 3102 566 3143 ua
587 3167 590 3171 ι
665 3083 800 3145 Excutiet
820 3083 948 3146 latebras
968 3085 1012 3145 ira
1034 3083 1148 3164 sepulta
1169 3103 1246 3155 suae,

594 3185 646 3254 Ut,
670 3187 693 3246 si
716 3186 795 3247 nulla
816 3194 883 3257 tuos
905 3188 1062 3248 Germania
1084 3166 1206 3248 rebcret
1227 3204 1324 3255 ausus,

665 3288 734 3348 Haec
757 3296 855 3349 tamen
875 3290 1004 3351 Ausonio
1027 3289 1117 3349 milite
1138 3288 1213 3350 bella
1237 3306 1337 3367 geras:

595 3391 696 3450 Omnis
718 3390 755 3451 ab
778 3390 914 3452 exulibus
935 3394 1052 3470 gravior
1074 3392 1211 3461 vindicta,
1234 3390 1356 3469 negabis

528 3512 567 3551 aec
665 3493 755 3553 lrasci
778 3493 893 3554 Venetis
915 3502 944 3555 te
965 3494 1096 3573 putuisse
1118 3495 1250 3572 magis;'

594 3597 719 3673 Asperat
740 3596 866 3656 ollensas
888 3596 966 3658 illata
987 3597 1093 3657 iniuria
1115 3602 1238 3665 mentes,

665 3698 777 3776 Cogitat
799 3698 899 3759 ulcisci
922 3699 1053 3777 quisquis
1075 3698 1182 3758 acerba
1203 3696 1281 3766 tnlit;

595 3800 693 3860 laude
714 3807 764 3860 tua
787 3801 876 3861 iacies
898 3799 993 3862 alienu
1015 3799 1093 3860 bella
1115 3799 1243 3877 pericle:

527 3920 566 3960 rer
666 3890 741 3971 Quid
764 3902 880 3962 dubitas
901 3904 1001 3981 spacio
1024 3903 1174 3981 corripere
1196 3920 1278 3962 arma
1299 3901 1397 3962 brevi?

592 4004 629 4063 Ut
650 4010 764 4064 taceam
787 4012 929 4083 quantum
952 4012 996 4065 est
1017 4003 1092 4065 lucri
1115 4006 1274 4066 certamine
1296 4003 1332 4065 ab
1355 4003 1413 4071 illu,

664 4105 736 4166 Tam
759 4104 839 4166 elaru
861 4114 980 4184 peteras
1002 4106 1095 4167 lllarte
1116 4127 1221 4168 revere
1243 4107 1328 4167 mori.

592 4207 634 4267 Tc
656 4208 811 4286 quisquam
833 4207 980 4269 imbellem
1003 4210 1119 4287 quoties
1140 4210 1177 4270 de
1198 4208 1285 4287 plebe
1308 4210 1437 4279 vocabat,

524 4328 562 4368 ree
661 4309 704 4370 Ne
727 4309 862 4371 caderem
885 4318 972 4389 rupte
994 4318 1129 4389 pectere,
1153 4330 1223 4373 cure
1246 4312 1312 4380 luit;

591 4411 680 4480 Multa
702 4430 820 4490 queque
843 4411 982 4483 ulciscur,
1005 4432 1071 4492 quae
1093 4421 1125 4474 tu
1147 4416 1270 4475 convitia
1292 4405 1397 4485 nes'cis,

663 4514 700 4574 Et
722 4516 836 4592 quoties
857 4534 912 4594 pru
934 4524 964 4576 te
986 4516 1056 4595 quid
1079 4515 1159 4587 licet,
1183 4536 1264 4577 arma
1287 4536 1375 4596 geru:

591 4618 649 4678 Sed
673 4618 732 4676 ruit
752 4618 782 4677 iu
804 4618 934 4678 modicas
956 4619 1078 4679 adversa
1100 4620 1228 4697 petentia
1250 4620 1336 4689 vires,

525 4739 563 4779 κη
663 4721 821 4800 Saepeque,
845 4741 912 4782 cunr
936 4720 1041 4790 uelim,
1065 4729 1108 4781 est
1130 4722 1172 4781 ira
1194 4721 1356 4799 premenda
1379 4722 1462 4782 mibi:

507 4942 539 4975 ¹⁸⁶
556 4946 648 4994 iuuari
662 4946 716 4994 1.2.
798 4942 830 4975 ¹⁹⁶
847 4958 955 5008 possem
970 4947 1022 4994 4.5.
1102 4940 1133 4975 ¹⁹⁹
1151 4942 1209 4991 Iam
1228 4944 1371 4994 nield...5.
1445 4942 1479 4977 ²⁰³
1497 4942 1576 5009 sule]
1597 4944 1732 5008 remigan-

438 5027 487 5079 dos
501 5031 554 5079 1.2.
606 5027 640 5062 ²⁰⁴
658 5032 880 5095 Praeponod...5.
937 5028 971 5061 ¹⁰⁷
988 5026 1182 5095 oppositam.
1243 5027 1276 5061 ²²⁴
1294 5032 1454 5094 sparteas.
1512 5028 1545 5061 ¹²⁹
1565 5029 1693 5078 conuicia
1707 5031 1732 5077 2.

436 5110 468 5145 ”¹
488 5115 518 5163 in
534 5112 642 5165 nostres
660 5114 778 5167 obuersa
789 5118 917 5184 potentia
931 5118 955 5164 1.
963 5118 989 5166 2.
