<?xml version="1.0" encoding="UTF-8"?>
<!DOCTYPE html PUBLIC "-//W3C//DTD XHTML 1.0 Transitional//EN"
    "http://www.w3.org/TR/xhtml1/DTD/xhtml1-transitional.dtd">
<html xmlns="http://www.w3.org/1999/xhtml" xml:lang="en" lang="en">
 <head>
  <title>
</title>
<meta http-equiv="Content-Type" content="text/html;charset=utf-8" />
  <meta name='ocr-system' content='tesseract 3.04.00' />
  <meta name='ocr-capabilities' content='ocr_page ocr_carea ocr_par ocr_line ocrx_word'/>
</head>
<body>
  <div class='ocr_page' id='page_1' title='image "./ulrichihuttenie03huttgoog_0023.png"; bbox 0 0 4067 6209; ppageno 0'>
   <div class='ocr_carea' id='block_1_1' title="bbox 814 758 1622 862">
    <p class='ocr_par' dir='ltr' id='par_1_1' title="bbox 814 758 1622 862">
     <span class='ocr_line' id='line_1_1' title="bbox 814 758 1622 862; baseline 0.031 -24"><span class='ocrx_word' id='word_1_1' title='bbox 814 758 951 841; x_wconf 80' lang='lat' dir='ltr'>retronis</span> <span class='ocrx_word' id='word_1_2' title='bbox 970 791 1132 844; x_wconf 73' lang='lat' dir='ltr'>ensesue.</span> <span class='ocrx_word' id='word_1_3' title='bbox 1574 813 1622 862; x_wconf 83' lang='lat' dir='ltr'>xe</span> 
     </span>
    </p>
   </div>
   <div class='ocr_carea' id='block_1_2' title="bbox 312 949 1683 1446">
    <p class='ocr_par' dir='ltr' id='par_1_2' title="bbox 312 949 1683 1446">
     <span class='ocr_line' id='line_1_2' title="bbox 312 949 1683 1066; baseline 0.011 -31"><span class='ocrx_word' id='word_1_4' title='bbox 312 983 422 1053; x_wconf 75' lang='lat' dir='ltr'>partes</span> <span class='ocrx_word' id='word_1_5' title='bbox 445 976 505 1036; x_wconf 80' lang='lat' dir='ltr'>sire</span> <span class='ocrx_word' id='word_1_6' title='bbox 528 973 688 1045; x_wconf 77' lang='lat' dir='ltr'>volumina,</span> <span class='ocrx_word' id='word_1_7' title='bbox 718 994 844 1055; x_wconf 77' lang='lat' dir='ltr'>ipserum</span> <span class='ocrx_word' id='word_1_8' title='bbox 876 949 935 1038; x_wconf 92' lang='lat' dir='ltr'>due</span> <span class='ocrx_word' id='word_1_9' title='bbox 966 980 1063 1056; x_wconf 86' lang='lat' dir='ltr'>priora</span> <span class='ocrx_word' id='word_1_10' title='bbox 1087 980 1233 1058; x_wconf 79' lang='lat' dir='ltr'>Epistulas</span> <span class='ocrx_word' id='word_1_11' title='bbox 1262 985 1440 1047; x_wconf 85' lang='lat' dir='ltr'>ceritiueutia</span> <span class='ocrx_word' id='word_1_12' title='bbox 1463 988 1491 1046; x_wconf 93' lang='lat' dir='ltr'>iu</span> <span class='ocrx_word' id='word_1_13' title='bbox 1515 1006 1620 1066; x_wconf 90' lang='lat' dir='ltr'>opera·</span> <span class='ocrx_word' id='word_1_14' title='bbox 1680 1052 1683 1066; x_wconf 65' lang='grc'>,</span> 
     </span>
     <span class='ocr_line' id='line_1_3' title="bbox 315 1101 1619 1192; baseline 0.012 -31"><span class='ocrx_word' id='word_1_15' title='bbox 315 1104 437 1162; x_wconf 89' lang='lat' dir='ltr'>riorum</span> <span class='ocrx_word' id='word_1_16' title='bbox 460 1101 597 1163; x_wconf 88' lang='lat' dir='ltr'>manibus</span> <span class='ocrx_word' id='word_1_17' title='bbox 618 1112 701 1171; x_wconf 82' lang='lat' dir='ltr'>surd;</span> <span class='ocrx_word' id='word_1_18' title='bbox 724 1122 793 1163; x_wconf 81' lang='lat' dir='ltr'>mox</span> <span class='ocrx_word' id='word_1_19' title='bbox 816 1114 957 1184; x_wconf 84' lang='lat' dir='ltr'>sequetur</span> <span class='ocrx_word' id='word_1_20' title='bbox 980 1107 1037 1166; x_wconf 92' lang='lat' dir='ltr'>iam</span> <span class='ocrx_word' id='word_1_21' title='bbox 1060 1106 1242 1168; x_wconf 79' lang='lat' dir='ltr'>eleluiratuur</span> <span class='ocrx_word' id='word_1_22' title='bbox 1261 1110 1395 1171; x_wconf 85' lang='lat' dir='ltr'>uelrimen</span> <span class='ocrx_word' id='word_1_23' title='bbox 1412 1113 1619 1192; x_wconf 66' lang='lat' dir='ltr'>Dialogus-um</span> 
     </span>
     <span class='ocr_line' id='line_1_4' title="bbox 318 1229 1618 1311; baseline 0.01 -22"><span class='ocrx_word' id='word_1_24' title='bbox 318 1248 415 1289; x_wconf 90' lang='lat' dir='ltr'>unum</span> <span class='ocrx_word' id='word_1_25' title='bbox 439 1229 544 1289; x_wconf 87' lang='lat' dir='ltr'>deinde</span> <span class='ocrx_word' id='word_1_26' title='bbox 566 1229 726 1307; x_wconf 85' lang='lat' dir='ltr'>explebunt</span> <span class='ocrx_word' id='word_1_27' title='bbox 749 1231 902 1291; x_wconf 70' lang='lat' dir='ltr'><strong>Orationes</strong></span> <span class='ocrx_word' id='word_1_28' title='bbox 926 1251 992 1293; x_wconf 91' lang='lat' dir='ltr'>cum</span> <span class='ocrx_word' id='word_1_29' title='bbox 1016 1233 1196 1294; x_wconf 79' lang='lat' dir='ltr'>didascalicis</span> <span class='ocrx_word' id='word_1_30' title='bbox 1220 1234 1336 1303; x_wconf 85' lang='lat' dir='ltr'>libellis.</span> <span class='ocrx_word' id='word_1_31' title='bbox 1366 1239 1443 1299; x_wconf 85' lang='lat' dir='ltr'>aliud</span> <span class='ocrx_word' id='word_1_32' title='bbox 1468 1243 1618 1311; x_wconf 74' lang='lat' dir='ltr'>Garumna:</span> 
     </span>
     <span class='ocr_line' id='line_1_5' title="bbox 319 1355 1618 1446; baseline 0.009 -29"><span class='ocrx_word' id='word_1_33' title='bbox 319 1366 440 1417; x_wconf 88' lang='lat' dir='ltr'>sextum</span> <span class='ocrx_word' id='word_1_34' title='bbox 462 1356 579 1416; x_wconf 87' lang='lat' dir='ltr'>dabitur</span> <span class='ocrx_word' id='word_1_35' title='bbox 593 1355 730 1435; x_wconf 87' lang='lat' dir='ltr'>Epistolis</span> <span class='ocrx_word' id='word_1_36' title='bbox 752 1357 947 1419; x_wconf 87' lang='lat' dir='ltr'>obscurorum</span> <span class='ocrx_word' id='word_1_37' title='bbox 971 1360 1103 1421; x_wconf 88' lang='lat' dir='ltr'>virerum</span> <span class='ocrx_word' id='word_1_38' title='bbox 1125 1362 1326 1445; x_wconf 79' lang='lat' dir='ltr'>similibusque</span> <span class='ocrx_word' id='word_1_39' title='bbox 1348 1368 1464 1444; x_wconf 84' lang='lat' dir='ltr'>seriptis</span> <span class='ocrx_word' id='word_1_40' title='bbox 1479 1388 1544 1446; x_wconf 78' lang='lat' dir='ltr'>utrae</span> <span class='ocrx_word' id='word_1_41' title='bbox 1560 1388 1618 1429; x_wconf 92' lang='lat' dir='ltr'>nou</span> 
     </span>
    </p>
   </div>
   <div class='ocr_carea' id='block_1_3' title="bbox 319 1482 1618 1565">
    <p class='ocr_par' dir='ltr' id='par_1_3' title="bbox 319 1482 1618 1565">
     <span class='ocr_line' id='line_1_6' title="bbox 319 1482 1618 1565; baseline 0.01 -22"><span class='ocrx_word' id='word_1_42' title='bbox 319 1486 379 1544; x_wconf 86' lang='lat' dir='ltr'>uisi</span> <span class='ocrx_word' id='word_1_43' title='bbox 407 1503 424 1543; x_wconf 87' lang='lat' dir='ltr'>a</span> <span class='ocrx_word' id='word_1_44' title='bbox 447 1482 639 1562; x_wconf 82' lang='lat' dir='ltr'>nugatoribus</span> <span class='ocrx_word' id='word_1_45' title='bbox 662 1486 730 1563; x_wconf 86' lang='lat' dir='ltr'>ipsis</span> <span class='ocrx_word' id='word_1_46' title='bbox 752 1486 811 1544; x_wconf 86' lang='lat' dir='ltr'>sire</span> <span class='ocrx_word' id='word_1_47' title='bbox 834 1503 892 1543; x_wconf 93' lang='lat' dir='ltr'>uon</span> <span class='ocrx_word' id='word_1_48' title='bbox 915 1487 1037 1563; x_wconf 79' lang='lat' dir='ltr'>integris</span> <span class='ocrx_word' id='word_1_49' title='bbox 1061 1487 1204 1548; x_wconf 85' lang='lat' dir='ltr'>iudicibus</span> <span class='ocrx_word' id='word_1_50' title='bbox 1228 1493 1380 1565; x_wconf 77' lang='lat' dir='ltr'>erogatoria</span> <span class='ocrx_word' id='word_1_51' title='bbox 1409 1512 1473 1553; x_wconf 78' lang='lat' dir='ltr'>esse</span> <span class='ocrx_word' id='word_1_52' title='bbox 1502 1496 1618 1556; x_wconf 70' lang='lat' dir='ltr'>cerreta-</span> 
     </span>
    </p>
   </div>
   <div class='ocr_carea' id='block_1_4' title="bbox 320 1608 1619 1692">
    <p class='ocr_par' dir='ltr' id='par_1_4' title="bbox 320 1608 1619 1692">
     <span class='ocr_line' id='line_1_7' title="bbox 320 1608 1619 1692; baseline 0.01 -21"><span class='ocrx_word' id='word_1_53' title='bbox 320 1620 459 1679; x_wconf 86' lang='lat' dir='ltr'>mantur,</span> <span class='ocrx_word' id='word_1_54' title='bbox 489 1629 556 1671; x_wconf 86' lang='lat' dir='ltr'>rum</span> <span class='ocrx_word' id='word_1_55' title='bbox 582 1614 798 1671; x_wconf 84' lang='lat' dir='ltr'>renascentium</span> <span class='ocrx_word' id='word_1_56' title='bbox 825 1608 988 1672; x_wconf 80' lang='lat' dir='ltr'>litterarum</span> <span class='ocrx_word' id='word_1_57' title='bbox 1016 1621 1104 1692; x_wconf 81' lang='lat' dir='ltr'>atoue</span> <span class='ocrx_word' id='word_1_58' title='bbox 1134 1615 1322 1677; x_wconf 75' lang='lat' dir='ltr'>historiarum</span> <span class='ocrx_word' id='word_1_59' title='bbox 1353 1622 1487 1679; x_wconf 84' lang='lat' dir='ltr'>exeuntis</span> <span class='ocrx_word' id='word_1_60' title='bbox 1516 1623 1619 1684; x_wconf 82' lang='lat' dir='ltr'>rnediae</span> 
     </span>
    </p>
   </div>
   <div class='ocr_carea' id='block_1_5' title="bbox 315 1737 1668 4983">
    <p class='ocr_par' dir='ltr' id='par_1_5' title="bbox 318 1737 1616 1951">
     <span class='ocr_line' id='line_1_8' title="bbox 319 1737 1615 1826; baseline 0.009 -29"><span class='ocrx_word' id='word_1_61' title='bbox 319 1757 412 1816; x_wconf 86' lang='lat' dir='ltr'>quam</span> <span class='ocrx_word' id='word_1_62' title='bbox 429 1754 565 1798; x_wconf 77' lang='lat' dir='ltr'>vocamus</span> <span class='ocrx_word' id='word_1_63' title='bbox 580 1739 672 1797; x_wconf 79' lang='lat' dir='ltr'>aetatis</span> <span class='ocrx_word' id='word_1_64' title='bbox 686 1737 829 1797; x_wconf 76' lang='lat' dir='ltr'>uberrimi</span> <span class='ocrx_word' id='word_1_65' title='bbox 845 1739 941 1799; x_wconf 84' lang='lat' dir='ltr'>fontes</span> <span class='ocrx_word' id='word_1_66' title='bbox 956 1741 1034 1817; x_wconf 87' lang='lat' dir='ltr'>iique</span> <span class='ocrx_word' id='word_1_67' title='bbox 1049 1758 1138 1819; x_wconf 87' lang='lat' dir='ltr'>supra</span> <span class='ocrx_word' id='word_1_68' title='bbox 1155 1761 1243 1820; x_wconf 75' lang='lat' dir='ltr'>rpuam</span> <span class='ocrx_word' id='word_1_69' title='bbox 1260 1745 1340 1804; x_wconf 89' lang='lat' dir='ltr'>credi</span> <span class='ocrx_word' id='word_1_70' title='bbox 1363 1745 1437 1806; x_wconf 86' lang='lat' dir='ltr'>solet.</span> <span class='ocrx_word' id='word_1_71' title='bbox 1460 1752 1527 1826; x_wconf 91' lang='lat' dir='ltr'>puri</span> <span class='ocrx_word' id='word_1_72' title='bbox 1550 1752 1615 1809; x_wconf 86' lang='lat' dir='ltr'>sint.</span> 
     </span>
     <span class='ocr_line' id='line_1_9' title="bbox 318 1863 1616 1951; baseline 0.009 -26"><span class='ocrx_word' id='word_1_73' title='bbox 318 1867 448 1942; x_wconf 82' lang='lat' dir='ltr'>septime</span> <span class='ocrx_word' id='word_1_74' title='bbox 476 1865 601 1943; x_wconf 83' lang='lat' dir='ltr'>denique</span> <span class='ocrx_word' id='word_1_75' title='bbox 630 1863 777 1923; x_wconf 79' lang='lat' dir='ltr'>uolumine</span> <span class='ocrx_word' id='word_1_76' title='bbox 800 1864 914 1925; x_wconf 88' lang='lat' dir='ltr'>ludices</span> <span class='ocrx_word' id='word_1_77' title='bbox 944 1885 1010 1925; x_wconf 87' lang='lat' dir='ltr'>eom</span> <span class='ocrx_word' id='word_1_78' title='bbox 1042 1871 1249 1928; x_wconf 86' lang='lat' dir='ltr'>conmentariis</span> <span class='ocrx_word' id='word_1_79' title='bbox 1271 1873 1345 1930; x_wconf 61' lang='lat' dir='ltr'>initis</span> <span class='ocrx_word' id='word_1_80' title='bbox 1367 1875 1616 1951; x_wconf 85' lang='lat' dir='ltr'>conprehendam.</span> 
     </span>
    </p>

    <p class='ocr_par' dir='ltr' id='par_1_6' title="bbox 315 1991 1668 4983">
     <span class='ocr_line' id='line_1_10' title="bbox 409 1991 1618 2074; baseline 0.009 -22"><span class='ocrx_word' id='word_1_81' title='bbox 409 1995 550 2071; x_wconf 81' lang='lat' dir='ltr'>Superest</span> <span class='ocrx_word' id='word_1_82' title='bbox 572 1997 604 2051; x_wconf 87' lang='lat' dir='ltr'>ut</span> <span class='ocrx_word' id='word_1_83' title='bbox 626 1991 663 2050; x_wconf 91' lang='lat' dir='ltr'>de</span> <span class='ocrx_word' id='word_1_84' title='bbox 686 1991 805 2050; x_wconf 86' lang='lat' dir='ltr'>llutteni</span> <span class='ocrx_word' id='word_1_85' title='bbox 829 1992 923 2070; x_wconf 85' lang='lat' dir='ltr'>effigie</span> <span class='ocrx_word' id='word_1_86' title='bbox 946 1994 1035 2054; x_wconf 89' lang='lat' dir='ltr'>verba</span> <span class='ocrx_word' id='word_1_87' title='bbox 1059 1996 1177 2064; x_wconf 85' lang='lat' dir='ltr'>faeiem,</span> <span class='ocrx_word' id='word_1_88' title='bbox 1208 2015 1294 2074; x_wconf 79' lang='lat' dir='ltr'>utram</span> <span class='ocrx_word' id='word_1_89' title='bbox 1318 1998 1353 2057; x_wconf 89' lang='lat' dir='ltr'>ad</span> <span class='ocrx_word' id='word_1_90' title='bbox 1377 1997 1490 2060; x_wconf 75' lang='lat' dir='ltr'>hiberti</span> <span class='ocrx_word' id='word_1_91' title='bbox 1513 2002 1618 2063; x_wconf 86' lang='lat' dir='ltr'>lloreri</span> 
     </span>
     <span class='ocr_line' id='line_1_11' title="bbox 321 2116 1617 2200; baseline 0.007 -20"><span class='ocrx_word' id='word_1_92' title='bbox 321 2118 491 2198; x_wconf 81' lang='lat' dir='ltr'>exemplum</span> <span class='ocrx_word' id='word_1_93' title='bbox 520 2122 549 2178; x_wconf 91' lang='lat' dir='ltr'>in</span> <span class='ocrx_word' id='word_1_94' title='bbox 577 2120 658 2196; x_wconf 84' lang='lat' dir='ltr'>regio</span> <span class='ocrx_word' id='word_1_95' title='bbox 682 2116 864 2178; x_wconf 87' lang='lat' dir='ltr'>Berolirrensi</span> <span class='ocrx_word' id='word_1_96' title='bbox 894 2119 1206 2199; x_wconf 82' lang='lat' dir='ltr'>chalcographicarum</span> <span class='ocrx_word' id='word_1_97' title='bbox 1236 2124 1417 2200; x_wconf 87' lang='lat' dir='ltr'>picturarum</span> <span class='ocrx_word' id='word_1_98' title='bbox 1441 2145 1543 2187; x_wconf 89' lang='lat' dir='ltr'>nruseo</span> <span class='ocrx_word' id='word_1_99' title='bbox 1566 2130 1617 2189; x_wconf 85' lang='lat' dir='ltr'>ad·</span> 
     </span>
     <span class='ocr_line' id='line_1_12' title="bbox 320 2245 1617 2337; baseline 0.007 -31"><span class='ocrx_word' id='word_1_100' title='bbox 320 2255 470 2306; x_wconf 82' lang='lat' dir='ltr'>serratum</span> <span class='ocrx_word' id='word_1_101' title='bbox 493 2247 528 2305; x_wconf 90' lang='lat' dir='ltr'>ad</span> <span class='ocrx_word' id='word_1_102' title='bbox 551 2245 699 2306; x_wconf 89' lang='lat' dir='ltr'>dimidiam</span> <span class='ocrx_word' id='word_1_103' title='bbox 723 2246 785 2304; x_wconf 88' lang='lat' dir='ltr'>lere</span> <span class='ocrx_word' id='word_1_104' title='bbox 808 2252 920 2322; x_wconf 69' lang='lat' dir='ltr'>prowm</span> <span class='ocrx_word' id='word_1_105' title='bbox 945 2248 1109 2319; x_wconf 87' lang='lat' dir='ltr'>redactam,</span> <span class='ocrx_word' id='word_1_106' title='bbox 1139 2251 1270 2329; x_wconf 75' lang='lat' dir='ltr'>nummis</span> <span class='ocrx_word' id='word_1_107' title='bbox 1292 2269 1351 2337; x_wconf 86' lang='lat' dir='ltr'>nen</span> <span class='ocrx_word' id='word_1_108' title='bbox 1374 2253 1403 2311; x_wconf 93' lang='lat' dir='ltr'>iu</span> <span class='ocrx_word' id='word_1_109' title='bbox 1426 2271 1461 2311; x_wconf 90' lang='lat' dir='ltr'>ee</span> <span class='ocrx_word' id='word_1_110' title='bbox 1484 2253 1578 2313; x_wconf 91' lang='lat' dir='ltr'>selum</span> <span class='ocrx_word' id='word_1_111' title='bbox 1602 2276 1617 2316; x_wconf 85' lang='lat' dir='ltr'>e</span> 
     </span>
     <span class='ocr_line' id='line_1_13' title="bbox 322 2351 1618 2457; baseline 0.007 -25"><span class='ocrx_word' id='word_1_112' title='bbox 322 2351 486 2433; x_wconf 83' lang='lat' dir='ltr'>Dureriado</span> <span class='ocrx_word' id='word_1_113' title='bbox 498 2390 588 2451; x_wconf 90' lang='lat' dir='ltr'>epere</span> <span class='ocrx_word' id='word_1_114' title='bbox 603 2372 716 2432; x_wconf 82' lang='lat' dir='ltr'>diversa</span> <span class='ocrx_word' id='word_1_115' title='bbox 732 2373 768 2431; x_wconf 91' lang='lat' dir='ltr'>sit</span> <span class='ocrx_word' id='word_1_116' title='bbox 783 2372 861 2451; x_wconf 90' lang='lat' dir='ltr'>qued</span> <span class='ocrx_word' id='word_1_117' title='bbox 878 2372 1028 2433; x_wconf 81' lang='lat' dir='ltr'>ilexteram</span> <span class='ocrx_word' id='word_1_118' title='bbox 1045 2376 1147 2453; x_wconf 88' lang='lat' dir='ltr'>rapitis</span> <span class='ocrx_word' id='word_1_119' title='bbox 1162 2384 1275 2453; x_wconf 91' lang='lat' dir='ltr'>partem</span> <span class='ocrx_word' id='word_1_120' title='bbox 1291 2377 1527 2455; x_wconf 84' lang='lat' dir='ltr'>corispiciendom</span> <span class='ocrx_word' id='word_1_121' title='bbox 1544 2398 1618 2457; x_wconf 75' lang='lat' dir='ltr'>pirm-</span> 
     </span>
     <span class='ocr_line' id='line_1_14' title="bbox 321 2498 1617 2583; baseline 0.008 -24"><span class='ocrx_word' id='word_1_122' title='bbox 321 2500 388 2568; x_wconf 87' lang='lat' dir='ltr'>bet,</span> <span class='ocrx_word' id='word_1_123' title='bbox 412 2507 508 2560; x_wconf 90' lang='lat' dir='ltr'>tamen</span> <span class='ocrx_word' id='word_1_124' title='bbox 532 2499 718 2568; x_wconf 76' lang='lat' dir='ltr'>exhibemus,</span> <span class='ocrx_word' id='word_1_125' title='bbox 742 2498 871 2560; x_wconf 77' lang='lat' dir='ltr'>feliciore</span> <span class='ocrx_word' id='word_1_126' title='bbox 893 2500 1050 2579; x_wconf 81' lang='lat' dir='ltr'>aliipraudo</span> <span class='ocrx_word' id='word_1_127' title='bbox 1073 2503 1232 2562; x_wconf 88' lang='lat' dir='ltr'>imitatione</span> <span class='ocrx_word' id='word_1_128' title='bbox 1255 2521 1427 2580; x_wconf 76' lang='lat' dir='ltr'>expuessum</span> <span class='ocrx_word' id='word_1_129' title='bbox 1452 2506 1617 2583; x_wconf 86' lang='lat' dir='ltr'>exeruplurn</span> 
     </span>
     <span class='ocr_line' id='line_1_15' title="bbox 322 2626 1618 2711; baseline 0.007 -26"><span class='ocrx_word' id='word_1_130' title='bbox 322 2627 410 2685; x_wconf 84' lang='lat' dir='ltr'>tertie</span> <span class='ocrx_word' id='word_1_131' title='bbox 432 2626 583 2689; x_wconf 83' lang='lat' dir='ltr'>velamini.</span> <span class='ocrx_word' id='word_1_132' title='bbox 613 2626 663 2686; x_wconf 92' lang='lat' dir='ltr'>ubi</span> <span class='ocrx_word' id='word_1_133' title='bbox 692 2629 856 2704; x_wconf 83' lang='lat' dir='ltr'>poterimus</span> <span class='ocrx_word' id='word_1_134' title='bbox 883 2628 1025 2695; x_wconf 73' lang='lat' dir='ltr'>additum,</span> <span class='ocrx_word' id='word_1_135' title='bbox 1055 2646 1123 2687; x_wconf 89' lang='lat' dir='ltr'>rum</span> <span class='ocrx_word' id='word_1_136' title='bbox 1151 2631 1314 2706; x_wconf 79' lang='lat' dir='ltr'>presertim</span> <span class='ocrx_word' id='word_1_137' title='bbox 1343 2630 1405 2691; x_wconf 74' lang='lat' dir='ltr'>alise</span> <span class='ocrx_word' id='word_1_138' title='bbox 1428 2650 1618 2711; x_wconf 74' lang='lat' dir='ltr'>eneruesque</span> 
     </span>
     <span class='ocr_line' id='line_1_16' title="bbox 323 2751 1616 2836; baseline 0.007 -25"><span class='ocrx_word' id='word_1_139' title='bbox 323 2755 383 2812; x_wconf 84' lang='lat' dir='ltr'>sire</span> <span class='ocrx_word' id='word_1_140' title='bbox 405 2753 484 2830; x_wconf 85' lang='lat' dir='ltr'>ligne</span> <span class='ocrx_word' id='word_1_141' title='bbox 507 2755 566 2812; x_wconf 82' lang='lat' dir='ltr'>sire</span> <span class='ocrx_word' id='word_1_142' title='bbox 588 2771 682 2831; x_wconf 78' lang='lat' dir='ltr'>eupire</span> <span class='ocrx_word' id='word_1_143' title='bbox 704 2751 749 2811; x_wconf 88' lang='lat' dir='ltr'>rel</span> <span class='ocrx_word' id='word_1_144' title='bbox 772 2752 894 2831; x_wconf 78' lang='lat' dir='ltr'>chalybe</span> <span class='ocrx_word' id='word_1_145' title='bbox 918 2754 1037 2814; x_wconf 88' lang='lat' dir='ltr'>llutteni</span> <span class='ocrx_word' id='word_1_146' title='bbox 1060 2755 1164 2815; x_wconf 85' lang='lat' dir='ltr'>faciem</span> <span class='ocrx_word' id='word_1_147' title='bbox 1187 2758 1354 2834; x_wconf 85' lang='lat' dir='ltr'>exprimere</span> <span class='ocrx_word' id='word_1_148' title='bbox 1377 2758 1462 2836; x_wconf 82' lang='lat' dir='ltr'>rolge</span> <span class='ocrx_word' id='word_1_149' title='bbox 1491 2760 1616 2820; x_wconf 86' lang='lat' dir='ltr'>credun·</span> 
     </span>
     <span class='ocr_line' id='line_1_17' title="bbox 322 2879 1616 2960; baseline 0.005 -21"><span class='ocrx_word' id='word_1_150' title='bbox 322 2890 372 2940; x_wconf 86' lang='lat' dir='ltr'>tur</span> <span class='ocrx_word' id='word_1_151' title='bbox 393 2880 548 2957; x_wconf 83' lang='lat' dir='ltr'>imagines,</span> <span class='ocrx_word' id='word_1_152' title='bbox 580 2898 679 2957; x_wconf 65' lang='lat' dir='ltr'>reasque</span> <span class='ocrx_word' id='word_1_153' title='bbox 710 2880 795 2937; x_wconf 89' lang='lat' dir='ltr'>etiam</span> <span class='ocrx_word' id='word_1_154' title='bbox 818 2879 889 2956; x_wconf 76' lang='lat' dir='ltr'>ipsae</span> <span class='ocrx_word' id='word_1_155' title='bbox 913 2899 977 2957; x_wconf 60' lang='lat' dir='ltr'>quse</span> <span class='ocrx_word' id='word_1_156' title='bbox 1000 2879 1082 2940; x_wconf 87' lang='lat' dir='ltr'>libris</span> <span class='ocrx_word' id='word_1_157' title='bbox 1106 2882 1167 2940; x_wconf 83' lang='lat' dir='ltr'>uiro</span> <span class='ocrx_word' id='word_1_158' title='bbox 1190 2891 1311 2945; x_wconf 81' lang='lat' dir='ltr'>aaretere</span> <span class='ocrx_word' id='word_1_159' title='bbox 1334 2884 1488 2960; x_wconf 84' lang='lat' dir='ltr'>publicatis</span> <span class='ocrx_word' id='word_1_160' title='bbox 1512 2887 1616 2947; x_wconf 72' lang='lat' dir='ltr'>additae</span> 
     </span>
     <span class='ocr_line' id='line_1_18' title="bbox 322 3004 1618 3088; baseline 0.004 -22"><span class='ocrx_word' id='word_1_161' title='bbox 322 3014 405 3074; x_wconf 86' lang='lat' dir='ltr'>sum,</span> <span class='ocrx_word' id='word_1_162' title='bbox 438 3014 488 3067; x_wconf 89' lang='lat' dir='ltr'>aut</span> <span class='ocrx_word' id='word_1_163' title='bbox 515 3006 551 3064; x_wconf 86' lang='lat' dir='ltr'>ad</span> <span class='ocrx_word' id='word_1_164' title='bbox 581 3004 853 3077; x_wconf 72' lang='lat' dir='ltr'>Stelzeuhergeusis</span> <span class='ocrx_word' id='word_1_165' title='bbox 883 3005 971 3065; x_wconf 86' lang='lat' dir='ltr'>Ulrici</span> <span class='ocrx_word' id='word_1_166' title='bbox 999 3006 1119 3066; x_wconf 90' lang='lat' dir='ltr'>llutteui</span> <span class='ocrx_word' id='word_1_167' title='bbox 1148 3009 1198 3085; x_wconf 73' lang='lat' dir='ltr'>«pn</span> <span class='ocrx_word' id='word_1_168' title='bbox 1225 3012 1316 3069; x_wconf 88' lang='lat' dir='ltr'>nostri</span> <span class='ocrx_word' id='word_1_169' title='bbox 1346 3011 1618 3088; x_wconf 78' lang='lat' dir='ltr'>sterlielbergensis</span> 
     </span>
     <span class='ocr_line' id='line_1_19' title="bbox 323 3130 1616 3226; baseline 0.005 -32"><span class='ocrx_word' id='word_1_170' title='bbox 323 3131 412 3194; x_wconf 82' lang='lat' dir='ltr'>Ulriei</span> <span class='ocrx_word' id='word_1_171' title='bbox 435 3140 577 3208; x_wconf 83' lang='lat' dir='ltr'>regnatus</span> <span class='ocrx_word' id='word_1_172' title='bbox 599 3133 653 3191; x_wconf 89' lang='lat' dir='ltr'>luit</span> <span class='ocrx_word' id='word_1_173' title='bbox 675 3132 819 3209; x_wconf 83' lang='lat' dir='ltr'>picturam</span> <span class='ocrx_word' id='word_1_174' title='bbox 844 3130 969 3210; x_wconf 79' lang='lat' dir='ltr'>(qualem</span> <span class='ocrx_word' id='word_1_175' title='bbox 993 3133 1140 3226; x_wconf 81' lang='lat' dir='ltr'>hodieque</span> <span class='ocrx_word' id='word_1_176' title='bbox 1161 3136 1285 3195; x_wconf 84' lang='lat' dir='ltr'>serietas</span> <span class='ocrx_word' id='word_1_177' title='bbox 1301 3135 1507 3198; x_wconf 85' lang='lat' dir='ltr'>liisterireruui</span> <span class='ocrx_word' id='word_1_178' title='bbox 1524 3139 1616 3199; x_wconf 70' lang='lat' dir='ltr'>teau-</span> 
     </span>
     <span class='ocr_line' id='line_1_20' title="bbox 322 3258 1615 3342; baseline 0.008 -26"><span class='ocrx_word' id='word_1_179' title='bbox 322 3259 412 3317; x_wconf 74' lang='lat' dir='ltr'>eoniic</span> <span class='ocrx_word' id='word_1_180' title='bbox 441 3258 588 3318; x_wconf 80' lang='lat' dir='ltr'>hilarioris</span> <span class='ocrx_word' id='word_1_181' title='bbox 609 3258 773 3333; x_wconf 76' lang='lat' dir='ltr'>Virriburgi</span> <span class='ocrx_word' id='word_1_182' title='bbox 808 3259 945 3336; x_wconf 63' lang='lat' dir='ltr'>possidet}</span> <span class='ocrx_word' id='word_1_183' title='bbox 970 3267 1020 3319; x_wconf 81' lang='lat' dir='ltr'>aun</span> <span class='ocrx_word' id='word_1_184' title='bbox 1043 3280 1077 3319; x_wconf 83' lang='lat' dir='ltr'>ex</span> <span class='ocrx_word' id='word_1_185' title='bbox 1101 3261 1265 3342; x_wconf 66' lang='lat' dir='ltr'>verioribus¹</span> <span class='ocrx_word' id='word_1_186' title='bbox 1288 3261 1405 3339; x_wconf 86' lang='lat' dir='ltr'>quidem</span> <span class='ocrx_word' id='word_1_187' title='bbox 1429 3267 1520 3325; x_wconf 87' lang='lat' dir='ltr'>uestri</span> <span class='ocrx_word' id='word_1_188' title='bbox 1543 3267 1615 3326; x_wconf 89' lang='lat' dir='ltr'>llut-</span> 
     </span>
     <span class='ocr_line' id='line_1_21' title="bbox 322 3383 1614 3465; baseline -0.001 -21"><span class='ocrx_word' id='word_1_189' title='bbox 322 3386 380 3444; x_wconf 86' lang='lat' dir='ltr'>teni</span> <span class='ocrx_word' id='word_1_190' title='bbox 407 3386 566 3462; x_wconf 78' lang='lat' dir='ltr'>imaginum</span> <span class='ocrx_word' id='word_1_191' title='bbox 598 3383 738 3462; x_wconf 86' lang='lat' dir='ltr'>exemplis</span> <span class='ocrx_word' id='word_1_192' title='bbox 767 3385 817 3445; x_wconf 88' lang='lat' dir='ltr'>sed</span> <span class='ocrx_word' id='word_1_193' title='bbox 849 3394 907 3445; x_wconf 83' lang='lat' dir='ltr'>tem</span> <span class='ocrx_word' id='word_1_194' title='bbox 936 3387 1043 3447; x_wconf 86' lang='lat' dir='ltr'>misere</span> <span class='ocrx_word' id='word_1_195' title='bbox 1073 3386 1227 3465; x_wconf 79' lang='lat' dir='ltr'>descriptae</span> <span class='ocrx_word' id='word_1_196' title='bbox 1255 3389 1313 3447; x_wconf 88' lang='lat' dir='ltr'>siut</span> <span class='ocrx_word' id='word_1_197' title='bbox 1339 3399 1371 3447; x_wconf 95' lang='lat' dir='ltr'>ut</span> <span class='ocrx_word' id='word_1_198' title='bbox 1401 3386 1488 3447; x_wconf 84' lang='lat' dir='ltr'>liuius</span> <span class='ocrx_word' id='word_1_199' title='bbox 1511 3383 1614 3443; x_wconf 87' lang='lat' dir='ltr'>leciem</span> 
     </span>
     <span class='ocr_line' id='line_1_22' title="bbox 321 3511 1615 3599; baseline -0.002 -28"><span class='ocrx_word' id='word_1_200' title='bbox 321 3513 455 3571; x_wconf 87' lang='lat' dir='ltr'>eurentiri</span> <span class='ocrx_word' id='word_1_201' title='bbox 477 3531 579 3573; x_wconf 89' lang='lat' dir='ltr'>omnes</span> <span class='ocrx_word' id='word_1_202' title='bbox 601 3512 732 3572; x_wconf 72' lang='lat' dir='ltr'>dicerulae</span> <span class='ocrx_word' id='word_1_203' title='bbox 755 3514 820 3599; x_wconf 80' lang='lat' dir='ltr'>sirit.</span> <span class='ocrx_word' id='word_1_204' title='bbox 867 3512 1059 3573; x_wconf 88' lang='lat' dir='ltr'>Bereliueuse</span> <span class='ocrx_word' id='word_1_205' title='bbox 1084 3533 1152 3574; x_wconf 84' lang='lat' dir='ltr'>rere</span> <span class='ocrx_word' id='word_1_206' title='bbox 1176 3515 1343 3591; x_wconf 77' lang='lat' dir='ltr'>esrrrrphun</span> <span class='ocrx_word' id='word_1_207' title='bbox 1374 3531 1440 3575; x_wconf 89' lang='lat' dir='ltr'>rum</span> <span class='ocrx_word' id='word_1_208' title='bbox 1471 3511 1534 3571; x_wconf 87' lang='lat' dir='ltr'>aliis</span> <span class='ocrx_word' id='word_1_209' title='bbox 1556 3511 1615 3570; x_wconf 89' lang='lat' dir='ltr'>De·</span> 
     </span>
     <span class='ocr_line' id='line_1_23' title="bbox 320 3623 1613 3716; baseline -0.001 -19"><span class='ocrx_word' id='word_1_210' title='bbox 320 3640 443 3697; x_wconf 86' lang='lat' dir='ltr'>reriauis</span> <span class='ocrx_word' id='word_1_211' title='bbox 471 3637 713 3698; x_wconf 82' lang='lat' dir='ltr'>delineetieuibus</span> <span class='ocrx_word' id='word_1_212' title='bbox 743 3638 841 3699; x_wconf 86' lang='lat' dir='ltr'>multis</span> <span class='ocrx_word' id='word_1_213' title='bbox 871 3639 917 3716; x_wconf 66' lang='lat' dir='ltr'>iel.</span> <span class='ocrx_word' id='word_1_214' title='bbox 941 3639 1050 3699; x_wconf 88' lang='lat' dir='ltr'>llelleri</span> <span class='ocrx_word' id='word_1_215' title='bbox 1072 3623 1182 3699; x_wconf 86' lang='lat' dir='ltr'>librom</span> <span class='ocrx_word' id='word_1_216' title='bbox 1205 3639 1278 3699; x_wconf 80' lang='lat' dir='ltr'>‘hlb</span> <span class='ocrx_word' id='word_1_217' title='bbox 1296 3641 1400 3700; x_wconf 83' lang='lat' dir='ltr'>ltirrer.</span> <span class='ocrx_word' id='word_1_218' title='bbox 1425 3639 1502 3716; x_wconf 78' lang='lat' dir='ltr'>lips</span> <span class='ocrx_word' id='word_1_219' title='bbox 1523 3635 1613 3698; x_wconf 85' lang='grc'>1831.</span> 
     </span>
     <span class='ocr_line' id='line_1_24' title="bbox 319 3764 1615 3844; baseline -0.002 -19"><span class='ocrx_word' id='word_1_220' title='bbox 319 3764 364 3825; x_wconf 79' lang='lat'>8⁰.</span> <span class='ocrx_word' id='word_1_221' title='bbox 388 3774 457 3824; x_wconf 79' lang='lat' dir='ltr'>tenu.</span> <span class='ocrx_word' id='word_1_222' title='bbox 481 3766 515 3825; x_wconf 96' lang='lat' dir='ltr'>ll.</span> <span class='ocrx_word' id='word_1_223' title='bbox 540 3782 568 3841; x_wconf 94' lang='lat' dir='ltr'>p.</span> <span class='ocrx_word' id='word_1_224' title='bbox 599 3766 643 3823; x_wconf 78' lang='lat' dir='ltr'>ll.</span> <span class='ocrx_word' id='word_1_225' title='bbox 667 3783 731 3842; x_wconf 80' lang='lat' dir='ltr'>sqq.</span> <span class='ocrx_word' id='word_1_226' title='bbox 756 3765 816 3841; x_wconf 77' lang='lat'>(55.)</span> <span class='ocrx_word' id='word_1_227' title='bbox 847 3773 913 3843; x_wconf 91' lang='lat' dir='ltr'>pest</span> <span class='ocrx_word' id='word_1_228' title='bbox 941 3768 1048 3826; x_wconf 87' lang='lat' dir='ltr'>summi</span> <span class='ocrx_word' id='word_1_229' title='bbox 1077 3767 1198 3844; x_wconf 88' lang='lat' dir='ltr'>pictoris</span> <span class='ocrx_word' id='word_1_230' title='bbox 1228 3765 1339 3825; x_wconf 91' lang='lat' dir='ltr'>obitum</span> <span class='ocrx_word' id='word_1_231' title='bbox 1370 3766 1502 3825; x_wconf 80' lang='lat' dir='ltr'>Andreas</span> <span class='ocrx_word' id='word_1_232' title='bbox 1525 3765 1615 3824; x_wconf 83' lang='lat' dir='ltr'>irater</span> 
     </span>
     <span class='ocr_line' id='line_1_25' title="bbox 318 3890 1668 3969; baseline -0.001 -18"><span class='ocrx_word' id='word_1_233' title='bbox 318 3894 381 3951; x_wconf 91' lang='lat' dir='ltr'>eius</span> <span class='ocrx_word' id='word_1_234' title='bbox 404 3891 643 3968; x_wconf 78' lang='lat' dir='ltr'>herimbergensi</span> <span class='ocrx_word' id='word_1_235' title='bbox 667 3891 781 3950; x_wconf 86' lang='lat' dir='ltr'>eiridam</span> <span class='ocrx_word' id='word_1_236' title='bbox 805 3893 927 3969; x_wconf 85' lang='lat' dir='ltr'>patricie</span> <span class='ocrx_word' id='word_1_237' title='bbox 951 3892 1136 3960; x_wconf 79' lang='lat' dir='ltr'>reruliderat‚</span> <span class='ocrx_word' id='word_1_238' title='bbox 1165 3900 1231 3969; x_wconf 76' lang='lat' dir='ltr'>pret</span> <span class='ocrx_word' id='word_1_239' title='bbox 1260 3893 1342 3952; x_wconf 80' lang='lat' dir='ltr'>eitius</span> <span class='ocrx_word' id='word_1_240' title='bbox 1365 3900 1483 3968; x_wconf 74' lang='lat' dir='ltr'>gentem</span> <span class='ocrx_word' id='word_1_241' title='bbox 1506 3890 1613 3952; x_wconf 84' lang='lat' dir='ltr'>saeculo</span> <span class='ocrx_word' id='word_1_242' title='bbox 1664 3915 1668 3923; x_wconf 93' lang='lat'><strong>·</strong></span> 
     </span>
     <span class='ocr_line' id='line_1_26' title="bbox 317 4016 1612 4099; baseline -0.001 -22"><span class='ocrx_word' id='word_1_243' title='bbox 317 4031 417 4078; x_wconf 82' lang='lat' dir='ltr'>xvttt.</span> <span class='ocrx_word' id='word_1_244' title='bbox 444 4026 605 4079; x_wconf 87' lang='lat' dir='ltr'>eurertuam</span> <span class='ocrx_word' id='word_1_245' title='bbox 629 4016 703 4078; x_wconf 87' lang='lat' dir='ltr'>alius</span> <span class='ocrx_word' id='word_1_246' title='bbox 726 4017 845 4095; x_wconf 79' lang='lat' dir='ltr'>quidam</span> <span class='ocrx_word' id='word_1_247' title='bbox 861 4018 1118 4098; x_wconf 82' lang='lat' dir='ltr'>Norimbergeusis</span> <span class='ocrx_word' id='word_1_248' title='bbox 1142 4020 1219 4098; x_wconf 79' lang='lat' dir='ltr'>(riam</span> <span class='ocrx_word' id='word_1_249' title='bbox 1243 4038 1337 4099; x_wconf 87' lang='lat' dir='ltr'>neque</span> <span class='ocrx_word' id='word_1_250' title='bbox 1361 4020 1447 4079; x_wconf 80' lang='lat' dir='ltr'>lituus</span> <span class='ocrx_word' id='word_1_251' title='bbox 1464 4037 1612 4096; x_wconf 87' lang='lat' dir='ltr'>possesse-</span> 
     </span>
     <span class='ocr_line' id='line_1_27' title="bbox 316 4143 1613 4225; baseline 0.001 -23"><span class='ocrx_word' id='word_1_252' title='bbox 316 4145 359 4202; x_wconf 86' lang='lat' dir='ltr'>ris</span> <span class='ocrx_word' id='word_1_253' title='bbox 381 4162 488 4205; x_wconf 90' lang='lat' dir='ltr'>nemeu</span> <span class='ocrx_word' id='word_1_254' title='bbox 512 4145 639 4222; x_wconf 84' lang='lat' dir='ltr'>prodidit</span> <span class='ocrx_word' id='word_1_255' title='bbox 654 4143 808 4223; x_wconf 63' lang='lat' dir='ltr'>llellerusj2</span> <span class='ocrx_word' id='word_1_256' title='bbox 825 4147 952 4223; x_wconf 83' lang='lat' dir='ltr'>pretiosa</span> <span class='ocrx_word' id='word_1_257' title='bbox 975 4146 1022 4206; x_wconf 88' lang='lat' dir='ltr'>illa</span> <span class='ocrx_word' id='word_1_258' title='bbox 1047 4146 1114 4207; x_wconf 84' lang='lat' dir='ltr'>l&#39;elie</span> <span class='ocrx_word' id='word_1_259' title='bbox 1139 4147 1307 4223; x_wconf 82' lang='lat' dir='ltr'>eeitpurarit</span> <span class='ocrx_word' id='word_1_260' title='bbox 1331 4148 1491 4225; x_wconf 85' lang='lat' dir='ltr'>eeileuuprc</span> <span class='ocrx_word' id='word_1_261' title='bbox 1507 4145 1613 4206; x_wconf 88' lang='lat' dir='ltr'>deiude</span> 
     </span>
     <span class='ocr_line' id='line_1_28' title="bbox 316 4270 1612 4348; baseline 0.001 -19"><span class='ocrx_word' id='word_1_262' title='bbox 316 4270 355 4329; x_wconf 80' lang='lat' dir='ltr'>ab</span> <span class='ocrx_word' id='word_1_263' title='bbox 377 4271 463 4330; x_wconf 83' lang='lat' dir='ltr'>huius</span> <span class='ocrx_word' id='word_1_264' title='bbox 486 4272 611 4330; x_wconf 87' lang='lat' dir='ltr'>lrourinis</span> <span class='ocrx_word' id='word_1_265' title='bbox 635 4272 718 4332; x_wconf 84' lang='lat' dir='ltr'>ridue</span> <span class='ocrx_word' id='word_1_266' title='bbox 734 4270 869 4332; x_wconf 85' lang='lat' dir='ltr'>llellerus</span> <span class='ocrx_word' id='word_1_267' title='bbox 892 4291 1012 4331; x_wconf 89' lang='lat' dir='ltr'>uuumm</span> <span class='ocrx_word' id='word_1_268' title='bbox 1037 4292 1095 4333; x_wconf 83' lang='lat' dir='ltr'>titre</span> <span class='ocrx_word' id='word_1_269' title='bbox 1118 4283 1150 4332; x_wconf 92' lang='lat' dir='ltr'>ut.</span> <span class='ocrx_word' id='word_1_270' title='bbox 1174 4274 1286 4333; x_wconf 80' lang='lat' dir='ltr'>ridetur</span> <span class='ocrx_word' id='word_1_271' title='bbox 1309 4276 1392 4341; x_wconf 87' lang='lat' dir='ltr'>euut;</span> <span class='ocrx_word' id='word_1_272' title='bbox 1417 4281 1478 4333; x_wconf 82' lang='lat' dir='ltr'>litui</span> <span class='ocrx_word' id='word_1_273' title='bbox 1500 4273 1525 4330; x_wconf 88' lang='lat' dir='ltr'>is</span> <span class='ocrx_word' id='word_1_274' title='bbox 1548 4289 1612 4348; x_wconf 84' lang='lat' dir='ltr'>quae</span> 
     </span>
     <span class='ocr_line' id='line_1_29' title="bbox 316 4395 1611 4478; baseline 0.003 -25"><span class='ocrx_word' id='word_1_275' title='bbox 316 4395 372 4456; x_wconf 89' lang='lat' dir='ltr'>sihi</span> <span class='ocrx_word' id='word_1_276' title='bbox 396 4415 453 4456; x_wconf 91' lang='lat' dir='ltr'>nen</span> <span class='ocrx_word' id='word_1_277' title='bbox 477 4396 635 4466; x_wconf 87' lang='lat' dir='ltr'>retinebat,</span> <span class='ocrx_word' id='word_1_278' title='bbox 659 4399 735 4457; x_wconf 87' lang='lat' dir='ltr'>inter</span> <span class='ocrx_word' id='word_1_279' title='bbox 758 4417 824 4475; x_wconf 77' lang='lat' dir='ltr'>quae</span> <span class='ocrx_word' id='word_1_280' title='bbox 846 4399 906 4475; x_wconf 88' lang='lat' dir='ltr'>ipsa</span> <span class='ocrx_word' id='word_1_281' title='bbox 931 4418 1048 4478; x_wconf 80' lang='lat' dir='ltr'>utroque</span> <span class='ocrx_word' id='word_1_282' title='bbox 1072 4419 1150 4459; x_wconf 88' lang='lat' dir='ltr'>iuure</span> <span class='ocrx_word' id='word_1_283' title='bbox 1167 4399 1365 4459; x_wconf 83' lang='lat' dir='ltr'>lleruliuensia</span> <span class='ocrx_word' id='word_1_284' title='bbox 1389 4398 1436 4459; x_wconf 90' lang='lat' dir='ltr'>illa</span> <span class='ocrx_word' id='word_1_285' title='bbox 1461 4396 1526 4458; x_wconf 87' lang='lat' dir='ltr'>lolia</span> <span class='ocrx_word' id='word_1_286' title='bbox 1550 4399 1611 4457; x_wconf 90' lang='lat' dir='ltr'>lue-</span> 
     </span>
     <span class='ocr_line' id='line_1_30' title="bbox 316 4524 1610 4604; baseline 0.002 -23"><span class='ocrx_word' id='word_1_287' title='bbox 316 4531 402 4590; x_wconf 90' lang='lat' dir='ltr'>runt,</span> <span class='ocrx_word' id='word_1_288' title='bbox 431 4525 629 4599; x_wconf 80' lang='lat' dir='ltr'>migrareruut</span> <span class='ocrx_word' id='word_1_289' title='bbox 658 4525 686 4582; x_wconf 94' lang='lat' dir='ltr'>iu</span> <span class='ocrx_word' id='word_1_290' title='bbox 715 4526 821 4584; x_wconf 86' lang='lat' dir='ltr'>serinia</span> <span class='ocrx_word' id='word_1_291' title='bbox 847 4526 1103 4604; x_wconf 74' lang='lat' dir='ltr'>Norinrbergeusis</span> <span class='ocrx_word' id='word_1_292' title='bbox 1132 4527 1248 4586; x_wconf 79' lang='lat' dir='ltr'>leaumis</span> <span class='ocrx_word' id='word_1_293' title='bbox 1278 4525 1389 4585; x_wconf 73' lang='lat' dir='ltr'>hiberti</span> <span class='ocrx_word' id='word_1_294' title='bbox 1417 4544 1431 4583; x_wconf 86' lang='lat' dir='ltr'>a</span> <span class='ocrx_word' id='word_1_295' title='bbox 1462 4524 1610 4583; x_wconf 86' lang='lat' dir='ltr'>llersehau</span> 
     </span>
     <span class='ocr_line' id='line_1_31' title="bbox 316 4648 1611 4729; baseline 0.003 -21"><span class='ocrx_word' id='word_1_296' title='bbox 316 4648 440 4710; x_wconf 87' lang='lat' dir='ltr'>militnm</span> <span class='ocrx_word' id='word_1_297' title='bbox 462 4651 593 4727; x_wconf 72' lang='lat' dir='ltr'>preelecti</span> <span class='ocrx_word' id='word_1_298' title='bbox 625 4658 652 4711; x_wconf 89' lang='lat' dir='ltr'>et</span> <span class='ocrx_word' id='word_1_299' title='bbox 682 4659 748 4729; x_wconf 86' lang='lat' dir='ltr'>pest</span> <span class='ocrx_word' id='word_1_300' title='bbox 770 4653 857 4712; x_wconf 86' lang='lat' dir='ltr'>luiiirs</span> <span class='ocrx_word' id='word_1_301' title='bbox 880 4652 983 4714; x_wconf 80' lang='lat' dir='ltr'>sarriero</span> <span class='ocrx_word' id='word_1_302' title='bbox 1008 4654 1036 4711; x_wconf 95' lang='lat' dir='ltr'>iu</span> <span class='ocrx_word' id='word_1_303' title='bbox 1060 4651 1167 4711; x_wconf 86' lang='lat' dir='ltr'>herren</span> <span class='ocrx_word' id='word_1_304' title='bbox 1191 4652 1381 4727; x_wconf 77' lang='lat' dir='ltr'>Negleriaue;</span> <span class='ocrx_word' id='word_1_305' title='bbox 1412 4650 1538 4727; x_wconf 80' lang='lat' dir='ltr'>Neglpre</span> <span class='ocrx_word' id='word_1_306' title='bbox 1561 4651 1611 4712; x_wconf 84' lang='lat' dir='ltr'>de·</span> 
     </span>
     <span class='ocr_line' id='line_1_32' title="bbox 316 4776 1611 4856; baseline 0.004 -22"><span class='ocrx_word' id='word_1_307' title='bbox 316 4778 405 4855; x_wconf 80' lang='lat' dir='ltr'>rriuire</span> <span class='ocrx_word' id='word_1_308' title='bbox 433 4779 574 4837; x_wconf 80' lang='lat' dir='ltr'>suecessit.</span> <span class='ocrx_word' id='word_1_309' title='bbox 602 4778 680 4856; x_wconf 80' lang='lat' dir='ltr'>quod</span> <span class='ocrx_word' id='word_1_310' title='bbox 712 4797 790 4838; x_wconf 83' lang='lat' dir='ltr'>triiue</span> <span class='ocrx_word' id='word_1_311' title='bbox 817 4777 864 4839; x_wconf 85' lang='lat' dir='ltr'>ille</span> <span class='ocrx_word' id='word_1_312' title='bbox 895 4778 961 4838; x_wconf 83' lang='lat' dir='ltr'>l&#39;nlie</span> <span class='ocrx_word' id='word_1_313' title='bbox 990 4778 1080 4838; x_wconf 89' lang='lat' dir='ltr'>habet</span> <span class='ocrx_word' id='word_1_314' title='bbox 1103 4797 1237 4838; x_wconf 83' lang='lat' dir='ltr'>riiirseum</span> <span class='ocrx_word' id='word_1_315' title='bbox 1260 4779 1383 4855; x_wconf 81' lang='lat' dir='ltr'>regium.</span> <span class='ocrx_word' id='word_1_316' title='bbox 1429 4776 1530 4856; x_wconf 81' lang='lat' dir='ltr'>h&#39;etpm</span> <span class='ocrx_word' id='word_1_317' title='bbox 1554 4778 1611 4839; x_wconf 87' lang='lat' dir='ltr'>hee</span> 
     </span>
     <span class='ocr_line' id='line_1_33' title="bbox 315 4893 1611 4983; baseline 0.002 -20"><span class='ocrx_word' id='word_1_318' title='bbox 315 4905 453 4981; x_wconf 82' lang='lat' dir='ltr'>cuiquam</span> <span class='ocrx_word' id='word_1_319' title='bbox 476 4905 581 4963; x_wconf 86' lang='lat' dir='ltr'>iustam</span> <span class='ocrx_word' id='word_1_320' title='bbox 604 4904 731 4964; x_wconf 84' lang='lat' dir='ltr'>merebit</span> <span class='ocrx_word' id='word_1_321' title='bbox 752 4893 959 4982; x_wconf 85' lang='lat' dir='ltr'>suspitionem,</span> <span class='ocrx_word' id='word_1_322' title='bbox 990 4906 1067 4983; x_wconf 81' lang='lat' dir='ltr'>uired</span> <span class='ocrx_word' id='word_1_323' title='bbox 1100 4907 1222 4981; x_wconf 89' lang='lat' dir='ltr'>pieturis</span> <span class='ocrx_word' id='word_1_324' title='bbox 1250 4903 1404 4964; x_wconf 84' lang='lat' dir='ltr'>recentiori</span> <span class='ocrx_word' id='word_1_325' title='bbox 1428 4922 1517 4965; x_wconf 82' lang='lat' dir='ltr'>rurum</span> <span class='ocrx_word' id='word_1_326' title='bbox 1540 4906 1611 4965; x_wconf 85' lang='lat' dir='ltr'>sub-</span> 
     </span>
    </p>
   </div>
   <div class='ocr_carea' id='block_1_6' title="bbox 314 5029 1611 5143">
    <p class='ocr_par' dir='ltr' id='par_1_7' title="bbox 314 5029 1611 5143">
     <span class='ocr_line' id='line_1_34' title="bbox 314 5029 1611 5109; baseline 0 -19"><span class='ocrx_word' id='word_1_327' title='bbox 314 5032 424 5109; x_wconf 82' lang='lat' dir='ltr'>scripta</span> <span class='ocrx_word' id='word_1_328' title='bbox 454 5032 587 5091; x_wconf 88' lang='lat' dir='ltr'>nemina.</span> <span class='ocrx_word' id='word_1_329' title='bbox 604 5039 636 5091; x_wconf 88' lang='lat' dir='ltr'>ut</span> <span class='ocrx_word' id='word_1_330' title='bbox 663 5033 724 5109; x_wconf 87' lang='lat' dir='ltr'>ipsa</span> <span class='ocrx_word' id='word_1_331' title='bbox 751 5033 837 5093; x_wconf 85' lang='lat' dir='ltr'>etiam</span> <span class='ocrx_word' id='word_1_332' title='bbox 862 5032 974 5108; x_wconf 80' lang='lat' dir='ltr'>depicta</span> <span class='ocrx_word' id='word_1_333' title='bbox 999 5033 1092 5109; x_wconf 77' lang='lat' dir='ltr'>reputa</span> <span class='ocrx_word' id='word_1_334' title='bbox 1117 5032 1217 5090; x_wconf 88' lang='lat' dir='ltr'>lertiee</span> <span class='ocrx_word' id='word_1_335' title='bbox 1240 5037 1354 5089; x_wconf 75' lang='lat' dir='ltr'>exsecta</span> <span class='ocrx_word' id='word_1_336' title='bbox 1377 5029 1440 5090; x_wconf 88' lang='lat' dir='ltr'>aliis</span> <span class='ocrx_word' id='word_1_337' title='bbox 1463 5032 1538 5091; x_wconf 84' lang='lat' dir='ltr'>loliis</span> <span class='ocrx_word' id='word_1_338' title='bbox 1560 5050 1611 5109; x_wconf 84' lang='lat' dir='ltr'>pe·</span> 
     </span>
     <span class='ocr_line' id='line_1_35' title="bbox 1529 5121 1537 5143; baseline 0 -1"><span class='ocrx_word' id='word_1_339' title='bbox 1529 5121 1537 5143; x_wconf 87' lang='lat'><strong>.</strong></span> 
     </span>
    </p>
   </div>
   <div class='ocr_carea' id='block_1_7' title="bbox 0 0 2038 6209">
    <p class='ocr_par' dir='ltr' id='par_1_8' title="bbox 0 0 2038 6209">
     <span class='ocr_line' id='line_1_36' title="bbox 0 0 2038 6209; baseline 0 3"><span class='ocrx_word' id='word_1_340' title='bbox 0 0 2038 6209; x_wconf 95' lang='lat' dir='ltr'> </span> 
     </span>
    </p>
   </div>
  </div>
 </body>
</html>
