4067 6209
531 820 680 878 CLXVIII.
700 834 879 877 exnonnmo
892 824 929 877 ui>
942 834 1091 877 oannnsos
1105 833 1140 877 nr
1154 832 1347 876 ninimirum.
1511 807 1584 885 353

292 1009 324 1059 ut
346 1004 402 1073 ipsi
422 1004 451 1057 in
474 1009 635 1058 extremam
653 1007 858 1072 paupertatem
885 1001 1063 1074 redibantur.
1115 998 1216 1057 Nonne
1243 1007 1325 1057 tanta
1350 1008 1394 1057 est
1420 1002 1470 1058 illa
1497 1008 1583 1060 mate·

292 1091 392 1154 dictio,
415 1090 490 1143 sicut
511 1089 666 1158 imapinari
682 1094 793 1157 potest,
815 1104 880 1142 cum
902 1087 1093 1141 clarissimum
1116 1088 1152 1140 sit
1173 1086 1235 1141 baec
1257 1088 1352 1142 omnia
1373 1090 1504 1156 servitia,
1530 1091 1584 1145 bas

293 1175 365 1228 tales
380 1173 581 1244 beneficiorum
597 1173 761 1226 collationes
776 1179 878 1226 contra
894 1173 952 1239 ius,
976 1188 1032 1225 non
1044 1178 1168 1241 propter
1185 1171 1342 1240 Christum,
1365 1173 1417 1227 sed
1429 1177 1585 1245 proprium

292 1259 467 1313 commodum
492 1264 666 1327 usrmpatas,
695 1262 722 1309 et
744 1264 847 1310 cuncta
877 1257 926 1311 illa
953 1257 1046 1310 media
1074 1258 1126 1311 deo
1148 1257 1267 1325 penitas
1295 1259 1464 1327 displicere:
1490 1267 1517 1313 et
1545 1268 1584 1325 tu,

269 1359 370 1398 scaca
395 1343 564 1408 Germania,
584 1349 674 1412 putas
696 1342 729 1396 ob
751 1342 938 1396 obedientiam
961 1342 1055 1394 onznia
1078 1343 1241 1396 necessario
1259 1344 1325 1411 pati
1345 1343 1456 1397 debere.
1495 1343 1584 1398 Sedu-

291 1430 399 1483 ctiones
414 1430 476 1480 istae
498 1428 554 1480 iam
577 1444 642 1481 cum
664 1442 767 1496 mapno
789 1427 893 1479 damno
913 1440 1010 1495 passa
1038 1426 1101 1480 luce
1128 1426 1237 1480 clarius
1265 1428 1439 1496 aperiuntur
1467 1429 1529 1495 tibi,
1558 1434 1585 1481 et

292 1512 387 1566 adbuc
416 1515 496 1566 tiores
523 1513 618 1566 dicere
646 1518 673 1564 et
701 1512 797 1564 videre
826 1510 903 1580 qnod
930 1511 1014 1563 eides.
1060 1508 1134 1574 Quid
1163 1511 1264 1565 times?
1294 1512 1403 1566 Eccita
1430 1515 1585 1582 potentiam

292 1604 369 1651 tuam
393 1598 442 1649 tibi
463 1615 480 1649 a
504 1598 555 1650 deo
578 1598 675 1649 deutrum
697 1596 743 1649 bis
759 1595 1000 1664 perversitatibus
1023 1594 1072 1647 tibi
1090 1595 1120 1647 in
1141 1601 1219 1648 tuam
1235 1596 1455 1651 destructionem
1467 1600 1586 1668 penitus

292 1683 470 1735 tendentibus
498 1682 665 1745 resistendi,
699 1686 726 1732 et
754 1694 862 1749 repone
890 1680 1008 1749 antiqua
1038 1694 1125 1732 sacra
1154 1680 1270 1733 decretu
1304 1688 1371 1734 ante
1403 1690 1584 1753 conspectum

256 1774 387 1832 totuum,
418 1782 482 1835 quies
503 1766 543 1818 ita
564 1779 619 1833 per
641 1765 773 1832 spiritum
795 1770 925 1817 sanctum
948 1764 1056 1816 dictata
1079 1765 1108 1817 in
1134 1764 1343 1820 nereioersnlibus
1371 1768 1497 1821 conciliis
1519 1775 1586 1821 sanat
1653 1794 1657 1800 ·

291 1853 381 1916 edita,
406 1851 507 1920 quibus
528 1850 613 1902 etiam
636 1849 756 1918 areisque
778 1847 927 1903 Romanus
944 1847 1083 1918 pontifex
1105 1848 1218 1901 obedire
1241 1854 1368 1914 tenetur,
1392 1852 1449 1904 nisi
1462 1854 1489 1905 iu
1507 1859 1584 1905 tuam

290 1937 522 2004 suppressionem
545 1939 573 1986 et
595 1933 734 2007 Bouiania
756 1933 846 1986 curia
867 1933 1071 1987 exaltationem
1094 1934 1207 1999 tendat,
1230 1939 1258 1987 et
1280 1935 1360 1989 dicas
1375 1942 1484 1989 sanctae
1498 1937 1587 1990 matri

291 2027 348 2073 tuoe
370 2020 497 2072 ecclesia
519 2024 736 2085 repraesentatae
757 2033 811 2085 per
833 2018 886 2071 boc
908 2032 1024 2070 sacrum
1047 2017 1200 2087 concilium,
1220 2018 1329 2085 „Ecce
1353 2031 1446 2074 mater
1458 2022 1584 2090 pietatis,

291 2111 393 2158 contra
416 2110 481 2157 tuas
503 2108 620 2156 sanctas
642 2103 758 2172 reputas
781 2103 923 2155 aarrioersce
944 2101 1072 2154 ccclesiae
1098 2103 1222 2156 traditas
1247 2111 1390 2174 probatur
1417 2106 1584 2160 obedientis-

259 2191 364 2242 issima
386 2188 448 2257 filia
471 2193 536 2252 teta,
561 2188 639 2240 nenio
656 2187 841 2251 Germanica,
865 2190 893 2238 et
914 2185 1021 2256 absque
1043 2201 1132 2239 cerusa
1155 2188 1183 2240 iu
1207 2189 1339 2242 miseram
1356 2192 1519 2244 servitutem
1535 2191 1584 2244 de-

291 2273 419 2327 vorantis
441 2277 468 2325 et
490 2278 609 2325 cunctas
627 2285 703 2340 pene
726 2285 794 2340 opes
822 2270 1002 2340 deplutieutis
1029 2269 1169 2325 Romame
1197 2273 1288 2326 curiae
1315 2275 1435 2329 reducta
1463 2283 1522 2334 est:
1557 2280 1585 2328 et

290 2374 384 2422 nunc,
408 2358 475 2426 quia
497 2357 618 2425 spiritus
640 2356 747 2410 domini
767 2356 885 2424 repleuit
908 2355 1003 2409 arbem
1027 2361 1151 2409 terrenae
1172 2355 1355 2412 habitationis
1370 2366 1491 2427 nostra,
1515 2360 1584 2430 quia

292 2443 417 2496 uidemus
439 2442 516 2510 quod
536 2441 638 2511 laqueo
661 2441 788 2493 restricti
815 2445 944 2494 tenemur
970 2446 997 2493 et
1025 2441 1151 2494 maximo
1176 2440 1325 2511 funiculo,
1359 2446 1436 2514 arrad
1463 2443 1584 2515 difficile

290 2527 429 2580 tractemus
451 2528 549 2594 rumpi
565 2527 673 2596 potuit,
700 2526 761 2578 ideo
783 2526 868 2578 iusta
890 2527 948 2578 tria
974 2530 1076 2579 sancta
1101 2533 1251 2595 praecepta
1278 2534 1428 2582 conterere
1456 2530 1584 2584 ootnmus

253 2611 369 2665 ootrimc
390 2612 523 2680 laqueum
546 2616 573 2664 et
595 2611 724 2678 nosipsos
747 2615 796 2662 tna
814 2609 992 2679 protectione
1014 2610 1147 2664 liberare.
1192 2610 1257 2665 Nou
1283 2614 1496 2682 acquiescemus
1524 2631 1583 2667 am-

286 2697 381 2766 ptius,
403 2697 429 2748 si
451 2694 582 2748 Romana
605 2696 688 2749 curia
706 2709 764 2763 per
786 2709 973 2764 quascunque
996 2696 1071 2762 vias,
1100 2695 1159 2749 siae
1185 2697 1348 2766 pratiarum
1370 2698 1429 2750 sioe
1451 2713 1583 2752 reserua-

290 2782 412 2846 tionum‚
446 2780 646 2849 beneficiorum
673 2779 839 2833 collationes
868 2779 908 2833 ad
933 2793 964 2833 se
986 2781 1127 2839 macerit,-
1159 2796 1216 2834 non
1244 2783 1472 2853 acquiescemus,
1508 2784 1535 2836 si
1554 2784 1584 2836 ia

289 2865 413 2918 electiois
435 2865 578 2933 beneficiis
599 2869 626 2917 et
648 2864 834 2935 diyaitatibus
856 2870 883 2917 et
904 2863 1169 2932 confirmationibus
1184 2865 1257 2919 iuris
1272 2867 1400 2922 ordinem
1415 2865 1584 2939 infreyerit,·

291 2966 347 3003 nau
371 2949 410 3000 ad
430 2956 556 3003 annatas
578 2954 628 3002 aut
651 2950 770 3003 annales
791 2948 1013 3003 contributiones
1035 2948 1156 3018 obtipari
1174 2950 1316 3017 uolumus,
1338 2952 1390 3006 sed
1404 2956 1513 3006 tantum
1529 2953 1586 3005 erit

254 3034 506 3103 asditipentissima
528 3050 601 3088 cura
624 3041 724 3089 nostra
745 3034 953 3088 strictissimam
976 3033 1161 3087 obedientiam
1183 3034 1213 3086 iu
1235 3024 1345 3088 canitis
1367 3037 1406 3089 ad
1420 3038 1583 3090 animarum

289 3120 410 3172 salntem
432 3119 627 3189 spectantibus
648 3117 799 3185 exhibere,
820 3121 885 3187 pati
905 3119 1115 3184 correctiones,
1139 3117 1326 3184 visitationes,
1350 3119 1581 3190 reformationes,

290 3210 317 3257 et
339 3210 444 3257 cuncto
466 3220 531 3274 quae
554 3204 732 3258 adsalutem
751 3204 912 3273 pertinent,
941 3203 1091 3257 dummodo
1119 3203 1148 3254 in
1176 3202 1254 3255 iilum
1274 3203 1361 3273 finem
1385 3220 1402 3256 a
1424 3206 1491 3259 sede
1513 3220 1582 3273 apo·

289 3288 390 3341 stolicu
414 3289 458 3341 oet
478 3291 534 3343 alio
557 3303 725 3359 quocunque
748 3289 787 3341 ad
807 3287 860 3341 bac
882 3288 1081 3342 auctoritatem
1097 3286 1218 3341 babeate
1231 3287 1314 3357 fiant
1360 3287 1583 3344 Necessitatibns

290 3379 384 3427 autem
408 3374 579 3428 urriaersotis
601 3375 728 3427 ecciesiae
745 3387 803 3443 per
824 3379 938 3426 nostros
952 3373 1075 3442 leuatus,
1098 3371 1279 3439 cardinales,
1302 3373 1353 3441 arei
1366 3371 1496 3428 Romano
1508 3389 1583 3443 pou-

200 3481 206 3489 ·
254 3459 362 3528 solifici
383 3461 530 3525 assistent,
554 3460 717 3525 consulere,
745 3474 779 3511 ac
802 3458 868 3511 dum
891 3458 930 3510 ita
950 3455 1030 3527 soret
1052 3463 1257 3527 opportunum,
1283 3472 1340 3528 per
1367 3472 1514 3528 expensas
1533 3456 1583 3528 fa-

289 3544 407 3596 ciendas
434 3543 615 3598 contribuere
644 3559 700 3597 uon
729 3543 940 3606 recusabimus,
974 3543 1125 3595 dummodo
1153 3541 1188 3595 de
1215 3547 1312 3596 nostro
1340 3548 1390 3596 aut
1423 3545 1581 3614 Icpatorum

288 3632 454 3681 nostrorum
481 3643 621 3684 consensu
650 3628 777 3681 subsidia
804 3627 967 3681 brriusmodi
992 3628 1186 3695 imponantur.
1236 3625 1275 3679 Et
1309 3628 1424 3696 quando
1458 3627 1511 3682 boc
1542 3629 1583 3682 ita

288 3711 460 3782 fecerimus,
489 3727 641 3783 speramus
663 3729 761 3767 coram
783 3713 835 3766 deo
858 3713 897 3765 ad
918 3712 997 3765 auita
1021 3711 1079 3763 otia
1101 3726 1153 3765 uos
1175 3709 1314 3765 Romame
1336 3713 1426 3765 caria
1454 3713 1582 3782 oblipari,

289 3802 317 3850 et
339 3798 475 3868 quicquid
495 3799 575 3853 nobis
596 3804 698 3853 contra
716 3799 870 3868 praemissa
891 3796 1056 3850 mandatum
1070 3795 1177 3866 suerit,
1200 3813 1257 3850 nou
1273 3812 1312 3850 ex
1326 3798 1461 3852 mandato
1478 3796 1584 3852 Cbristi

255 3883 423 3951 ssprodire,
446 3889 473 3936 et
495 3900 550 3936 non
574 3884 724 3952 acceptari
739 3897 840 3953 posse,
863 3883 918 3936 imo
941 3883 1038 3935 aerius
1059 3879 1188 3950 refutari
1207 3882 1325 3948 debere,
1349 3884 1400 3952 qui
1412 3882 1491 3936 nobis
1502 3897 1581 3951 prec-

289 3968 379 4035 cepit,
403 3968 479 4037 qnod
497 3974 615 4038 patrum
635 3973 784 4038 praeopta
805 3981 925 4023 seruare
955 3966 1115 4020 debeamus.
1166 3965 1205 4020 Et
1230 3968 1305 4021 sicut
1331 3968 1398 4023 dicit
1427 3967 1583 4037 Grcporins

291 4051 477 4106 ‘Admouendi
497 4059 564 4107 sunt
584 4053 701 4119 subditi,
735 4068 770 4107 ne
790 4053 965 4123 plusquam
988 4052 1107 4121 expedit
1128 4052 1185 4105 sint
1212 4052 1345 4118 subiecti,
1371 4056 1414 4106 'ne
1436 4068 1501 4107 cum
1522 4059 1582 4107 stu·

289 4136 377 4190 deant
395 4138 463 4206 plus
485 4154 571 4211 quam
598 4139 716 4209 expedit
744 4137 904 4191 bominibus
930 4137 1044 4203 subiici,
1076 4136 1285 4208 compellantur
1312 4153 1412 4192 eorum
1440 4140 1507 4194 uitia
1537 4152 1582 4194 ue·
1650 4209 1654 4214 Ι

289 4223 415 4289 aerari,
438 4220 489 4289 dc.

892 4298 980 4340 Fertis.

288 4437 491 4448 --.-.-

357 4570 386 4620 ¹³.
404 4571 585 4639 repraesctoto
602 4575 637 4625 A.
712 4572 735 4605 ³⁵
759 4573 802 4623 Cf.
817 4574 913 4626 loonn.
931 4575 991 4624 XV.
1007 4574 1045 4622 10.
1115 4573 1138 4604 ³⁸
1164 4571 1290 4638 Gregor.]
1314 4573 1430 4622 Decreti
1453 4571 1579 4623 Gratiam.

288 4663 361 4722 part.
375 4659 412 4708 11.
434 4675 511 4710 caus.
529 4661 566 4710 11.
586 4676 629 4724 qu.
639 4659 673 4709 ·7.
687 4675 749 4723 cap.
763 4658 805 4710 57.
1221 4673 1226 4681 ’

346 5235 477 5288 Hvsrm
496 5237 565 5289 Oee.
584 5238 684 5289 vo1..I.
