<?xml version="1.0" encoding="UTF-8"?>
<!DOCTYPE html PUBLIC "-//W3C//DTD XHTML 1.0 Transitional//EN"
    "http://www.w3.org/TR/xhtml1/DTD/xhtml1-transitional.dtd">
<html xmlns="http://www.w3.org/1999/xhtml" xml:lang="en" lang="en">
 <head>
  <title>
</title>
<meta http-equiv="Content-Type" content="text/html;charset=utf-8" />
  <meta name='ocr-system' content='tesseract 3.04.00' />
  <meta name='ocr-capabilities' content='ocr_page ocr_carea ocr_par ocr_line ocrx_word'/>
</head>
<body>
  <div class='ocr_page' id='page_1' title='image "./ulrichihuttenie03huttgoog_0370.png"; bbox 0 0 4067 6209; ppageno 0'>
   <div class='ocr_carea' id='block_1_1' title="bbox 445 772 1542 847">
    <p class='ocr_par' dir='ltr' id='par_1_1' title="bbox 445 772 1542 847">
     <span class='ocr_line' id='line_1_1' title="bbox 445 772 1542 847; baseline 0.003 -5"><span class='ocrx_word' id='word_1_1' title='bbox 445 772 519 847; x_wconf 80' lang='grc'>236</span> <span class='ocrx_word' id='word_1_2' title='bbox 637 788 696 842; x_wconf 79' lang='grc' dir='ltr'><strong>ΟΙΙ.</strong></span> <span class='ocrx_word' id='word_1_3' title='bbox 710 803 884 841; x_wconf 76' lang='lat' dir='ltr'>uterruunrr</span> <span class='ocrx_word' id='word_1_4' title='bbox 897 804 1000 842; x_wconf 80' lang='lat' dir='ltr'>srzsm</span> <span class='ocrx_word' id='word_1_5' title='bbox 1014 805 1044 843; x_wconf 83' lang='lat' dir='ltr'>11t</span> <span class='ocrx_word' id='word_1_6' title='bbox 1059 805 1193 843; x_wconf 79' lang='lat' dir='ltr'>rmvrren.</span> <span class='ocrx_word' id='word_1_7' title='bbox 1208 805 1358 843; x_wconf 76' lang='lat' dir='ltr'>sermome</span> <span class='ocrx_word' id='word_1_8' title='bbox 1372 808 1458 845; x_wconf 68' lang='lat' dir='ltr'>enter.</span> <span class='ocrx_word' id='word_1_9' title='bbox 1476 793 1542 845; x_wconf 73' lang='lat' dir='ltr'>tete?</span> 
     </span>
    </p>
   </div>
   <div class='ocr_carea' id='block_1_2' title="bbox 1055 1017 1745 1134">
    <p class='ocr_par' dir='ltr' id='par_1_2' title="bbox 1055 1017 1745 1134">
     <span class='ocr_line' id='line_1_2' title="bbox 1055 1017 1745 1134; baseline -0.01 -28"><span class='ocrx_word' id='word_1_10' title='bbox 1055 1026 1137 1106; x_wconf 85' lang='lat' dir='ltr'>cn.</span> <span class='ocrx_word' id='word_1_11' title='bbox 1603 1017 1745 1134; x_wconf 92' lang='lat' dir='ltr'><em>Q</em></span> 
     </span>
    </p>
   </div>
   <div class='ocr_carea' id='block_1_3' title="bbox 1084 1201 1094 1258">
    <p class='ocr_par' dir='ltr' id='par_1_3' title="bbox 1084 1201 1094 1258">
     <span class='ocr_line' id='line_1_3' title="bbox 1084 1201 1094 1258; baseline 0 0"><span class='ocrx_word' id='word_1_12' title='bbox 1084 1201 1094 1258; x_wconf 93' lang='lat' dir='ltr'>l</span> 
     </span>
    </p>
   </div>
   <div class='ocr_carea' id='block_1_4' title="bbox 697 1317 1493 1637">
    <p class='ocr_par' dir='ltr' id='par_1_4' title="bbox 697 1317 1493 1637">
     <span class='ocr_line' id='line_1_4' title="bbox 900 1317 1283 1381; baseline 0.005 -2"><span class='ocrx_word' id='word_1_13' title='bbox 900 1317 1127 1381; x_wconf 81' lang='lat' dir='ltr'>ELEVTllERll</span> <span class='ocrx_word' id='word_1_14' title='bbox 1150 1319 1283 1381; x_wconf 79' lang='lat' dir='ltr'>ultum</span> 
     </span>
     <span class='ocr_line' id='line_1_5' title="bbox 749 1415 1435 1476; baseline 0.004 -15"><span class='ocrx_word' id='word_1_15' title='bbox 749 1416 785 1463; x_wconf 74' lang='lat' dir='ltr'>rs</span> <span class='ocrx_word' id='word_1_16' title='bbox 806 1415 960 1476; x_wconf 73' lang='lat' dir='ltr'>seorsus</span> <span class='ocrx_word' id='word_1_17' title='bbox 984 1418 1170 1466; x_wconf 82' lang='lat' dir='ltr'>nucourvu</span> <span class='ocrx_word' id='word_1_18' title='bbox 1191 1418 1435 1465; x_wconf 76' lang='lat' dir='ltr'>rnrvurururr</span> 
     </span>
     <span class='ocr_line' id='line_1_6' title="bbox 877 1502 1493 1564; baseline 0.002 -15"><span class='ocrx_word' id='word_1_19' title='bbox 877 1502 1043 1550; x_wconf 73' lang='lat' dir='ltr'>ceemom</span> <span class='ocrx_word' id='word_1_20' title='bbox 1066 1504 1306 1551; x_wconf 71' lang='lat' dir='ltr'>necturnrvu</span> <span class='ocrx_word' id='word_1_21' title='bbox 1489 1556 1493 1564; x_wconf 56' lang='grc'><strong><em>,</em></strong></span> 
     </span>
     <span class='ocr_line' id='line_1_7' title="bbox 697 1586 1489 1637; baseline 0.005 -4"><span class='ocrx_word' id='word_1_22' title='bbox 697 1586 745 1633; x_wconf 80' lang='lat' dir='ltr'>en</span> <span class='ocrx_word' id='word_1_23' title='bbox 768 1587 959 1635; x_wconf 74' lang='lat' dir='ltr'>Principem</span> <span class='ocrx_word' id='word_1_24' title='bbox 987 1588 1032 1635; x_wconf 76' lang='lat' dir='ltr'>nc</span> <span class='ocrx_word' id='word_1_25' title='bbox 1056 1588 1221 1636; x_wconf 77' lang='lat' dir='ltr'>ronvuvu</span> <span class='ocrx_word' id='word_1_26' title='bbox 1244 1588 1489 1637; x_wconf 77' lang='lat' dir='ltr'>onnuruonvu</span> 
     </span>
    </p>
   </div>
   <div class='ocr_carea' id='block_1_5' title="bbox 990 1690 1186 1738">
    <p class='ocr_par' dir='ltr' id='par_1_5' title="bbox 990 1690 1186 1738">
     <span class='ocr_line' id='line_1_8' title="bbox 990 1690 1186 1738; baseline -0.005 -2"><span class='ocrx_word' id='word_1_27' title='bbox 990 1690 1186 1738; x_wconf 65' lang='lat' dir='ltr'>cumberto.</span> 
     </span>
    </p>
   </div>
   <div class='ocr_carea' id='block_1_6' title="bbox 313 1812 1835 3628">
    <p class='ocr_par' dir='ltr' id='par_1_6' title="bbox 391 1812 1780 2502">
     <span class='ocr_line' id='line_1_9' title="bbox 391 1812 1743 1893; baseline 0.001 -18"><span class='ocrx_word' id='word_1_28' title='bbox 391 1824 435 1875; x_wconf 75' lang='lat' dir='ltr'>§.t</span> <span class='ocrx_word' id='word_1_29' title='bbox 533 1812 609 1872; x_wconf 83' lang='lat' dir='ltr'>Ecce</span> <span class='ocrx_word' id='word_1_30' title='bbox 631 1812 712 1873; x_wconf 85' lang='lat' dir='ltr'>robis</span> <span class='ocrx_word' id='word_1_31' title='bbox 734 1812 930 1890; x_wconf 82' lang='lat' dir='ltr'><strong>Triumphum</strong></span> <span class='ocrx_word' id='word_1_32' title='bbox 953 1812 1124 1891; x_wconf 80' lang='lat' dir='ltr'>Capnionis,</span> <span class='ocrx_word' id='word_1_33' title='bbox 1148 1833 1165 1872; x_wconf 91' lang='lat' dir='ltr'>o</span> <span class='ocrx_word' id='word_1_34' title='bbox 1189 1814 1343 1879; x_wconf 84' lang='lat' dir='ltr'>Germani,</span> <span class='ocrx_word' id='word_1_35' title='bbox 1373 1813 1435 1873; x_wconf 88' lang='lat' dir='ltr'>eius</span> <span class='ocrx_word' id='word_1_36' title='bbox 1458 1812 1628 1891; x_wconf 82' lang='lat' dir='ltr'>Cupmonis,</span> <span class='ocrx_word' id='word_1_37' title='bbox 1653 1834 1743 1893; x_wconf 89' lang='lat' dir='ltr'>quem</span> 
     </span>
     <span class='ocr_line' id='line_1_10' title="bbox 445 1914 1742 1993; baseline 0.002 -19"><span class='ocrx_word' id='word_1_38' title='bbox 445 1932 497 1974; x_wconf 82' lang='lat' dir='ltr'>vos</span> <span class='ocrx_word' id='word_1_39' title='bbox 519 1934 535 1975; x_wconf 89' lang='lat' dir='ltr'>e</span> <span class='ocrx_word' id='word_1_40' title='bbox 557 1914 691 1976; x_wconf 81' lang='lat' dir='ltr'>laticibus</span> <span class='ocrx_word' id='word_1_41' title='bbox 713 1915 978 1993; x_wconf 78' lang='lat' dir='ltr'>perditissimorum</span> <span class='ocrx_word' id='word_1_42' title='bbox 1001 1915 1152 1976; x_wconf 89' lang='lat' dir='ltr'>bominum</span> <span class='ocrx_word' id='word_1_43' title='bbox 1175 1914 1448 1992; x_wconf 83' lang='lat' dir='ltr'>&#39;llreologistarunr,</span> <span class='ocrx_word' id='word_1_44' title='bbox 1478 1923 1510 1975; x_wconf 90' lang='lat' dir='ltr'>ut</span> <span class='ocrx_word' id='word_1_45' title='bbox 1533 1916 1613 1975; x_wconf 85' lang='lat' dir='ltr'>robis</span> <span class='ocrx_word' id='word_1_46' title='bbox 1636 1934 1742 1993; x_wconf 90' lang='lat' dir='ltr'>supcr-</span> 
     </span>
     <span class='ocr_line' id='line_1_11' title="bbox 446 2016 1780 2095; baseline 0.001 -19"><span class='ocrx_word' id='word_1_47' title='bbox 446 2024 522 2077; x_wconf 85' lang='lat' dir='ltr'>esset</span> <span class='ocrx_word' id='word_1_48' title='bbox 543 2017 607 2078; x_wconf 75' lang='lat' dir='ltr'>bec</span> <span class='ocrx_word' id='word_1_49' title='bbox 629 2016 735 2094; x_wconf 78' lang='lat' dir='ltr'>gloria,</span> <span class='ocrx_word' id='word_1_50' title='bbox 759 2035 874 2077; x_wconf 84' lang='lat' dir='ltr'>summa</span> <span class='ocrx_word' id='word_1_51' title='bbox 897 2019 1084 2078; x_wconf 72' lang='lat' dir='ltr'>contentione</span> <span class='ocrx_word' id='word_1_52' title='bbox 1107 2016 1262 2094; x_wconf 73' lang='lat' dir='ltr'>eripuistis.</span> <span class='ocrx_word' id='word_1_53' title='bbox 1301 2016 1427 2077; x_wconf 81' lang='lat' dir='ltr'>Proinde</span> <span class='ocrx_word' id='word_1_54' title='bbox 1451 2016 1577 2076; x_wconf 78' lang='lat' dir='ltr'>exultate</span> <span class='ocrx_word' id='word_1_55' title='bbox 1599 2036 1634 2078; x_wconf 83' lang='lat' dir='ltr'>nc</span> <span class='ocrx_word' id='word_1_56' title='bbox 1656 2017 1741 2095; x_wconf 86' lang='lat' dir='ltr'>plau·</span> <span class='ocrx_word' id='word_1_57' title='bbox 1755 2032 1780 2071; x_wconf 83' lang='lat'>¹⁰</span> 
     </span>
     <span class='ocr_line' id='line_1_12' title="bbox 446 2117 1742 2198; baseline -0.001 -19"><span class='ocrx_word' id='word_1_58' title='bbox 446 2117 518 2179; x_wconf 89' lang='lat' dir='ltr'>dite!</span> <span class='ocrx_word' id='word_1_59' title='bbox 552 2138 612 2178; x_wconf 92' lang='lat' dir='ltr'>non</span> <span class='ocrx_word' id='word_1_60' title='bbox 634 2136 722 2196; x_wconf 81' lang='lat' dir='ltr'>parra</span> <span class='ocrx_word' id='word_1_61' title='bbox 746 2121 824 2179; x_wconf 85' lang='lat' dir='ltr'>crrim</span> <span class='ocrx_word' id='word_1_62' title='bbox 846 2138 894 2179; x_wconf 86' lang='lat' dir='ltr'>res</span> <span class='ocrx_word' id='word_1_63' title='bbox 917 2121 1018 2179; x_wconf 81' lang='lat' dir='ltr'>eliceto</span> <span class='ocrx_word' id='word_1_64' title='bbox 1043 2126 1087 2179; x_wconf 87' lang='lat' dir='ltr'>est</span> <span class='ocrx_word' id='word_1_65' title='bbox 1109 2120 1269 2198; x_wconf 76' lang='lat' dir='ltr'>datumque</span> <span class='ocrx_word' id='word_1_66' title='bbox 1291 2120 1379 2178; x_wconf 78' lang='lat' dir='ltr'>vestri</span> <span class='ocrx_word' id='word_1_67' title='bbox 1410 2138 1477 2196; x_wconf 80' lang='lat' dir='ltr'>erga</span> <span class='ocrx_word' id='word_1_68' title='bbox 1508 2137 1640 2178; x_wconf 86' lang='lat' dir='ltr'>sununos</span> <span class='ocrx_word' id='word_1_69' title='bbox 1662 2120 1742 2178; x_wconf 85' lang='lat' dir='ltr'>viros</span> 
     </span>
     <span class='ocr_line' id='line_1_13' title="bbox 445 2219 1741 2299; baseline 0.001 -19"><span class='ocrx_word' id='word_1_70' title='bbox 445 2221 532 2281; x_wconf 91' lang='lat' dir='ltr'>studii</span> <span class='ocrx_word' id='word_1_71' title='bbox 560 2220 769 2281; x_wconf 88' lang='lat' dir='ltr'>docmueutum</span> <span class='ocrx_word' id='word_1_72' title='bbox 801 2222 919 2298; x_wconf 76' lang='lat' dir='ltr'>ingens3</span> <span class='ocrx_word' id='word_1_73' title='bbox 958 2220 1094 2299; x_wconf 80' lang='lat' dir='ltr'>perculsa</span> <span class='ocrx_word' id='word_1_74' title='bbox 1123 2221 1291 2280; x_wconf 87' lang='lat' dir='ltr'>intimorum</span> <span class='ocrx_word' id='word_1_75' title='bbox 1321 2221 1472 2280; x_wconf 89' lang='lat' dir='ltr'>bominum</span> <span class='ocrx_word' id='word_1_76' title='bbox 1496 2219 1617 2288; x_wconf 81' lang='lat' dir='ltr'>invidia;</span> <span class='ocrx_word' id='word_1_77' title='bbox 1653 2221 1741 2281; x_wconf 81' lang='lat' dir='ltr'>clire-</span> 
     </span>
     <span class='ocr_line' id='line_1_14' title="bbox 445 2321 1743 2401; baseline 0 -20"><span class='ocrx_word' id='word_1_78' title='bbox 445 2330 520 2382; x_wconf 77' lang='lat' dir='ltr'>natae</span> <span class='ocrx_word' id='word_1_79' title='bbox 552 2323 774 2401; x_wconf 81' lang='lat' dir='ltr'>profligatorum</span> <span class='ocrx_word' id='word_1_80' title='bbox 808 2321 989 2383; x_wconf 80' lang='lat' dir='ltr'>nebulonum</span> <span class='ocrx_word' id='word_1_81' title='bbox 1021 2321 1131 2382; x_wconf 84' lang='lat' dir='ltr'>libidini</span> <span class='ocrx_word' id='word_1_82' title='bbox 1164 2324 1288 2382; x_wconf 64' lang='lat' dir='ltr'>trionum</span> <span class='ocrx_word' id='word_1_83' title='bbox 1321 2322 1460 2389; x_wconf 90' lang='lat' dir='ltr'>inditum;</span> <span class='ocrx_word' id='word_1_84' title='bbox 1498 2322 1615 2381; x_wconf 83' lang='lat' dir='ltr'>babitus</span> <span class='ocrx_word' id='word_1_85' title='bbox 1643 2322 1743 2381; x_wconf 92' lang='lat' dir='ltr'>bonor</span> 
     </span>
     <span class='ocr_line' id='line_1_15' title="bbox 447 2422 1741 2502; baseline 0.001 -20"><span class='ocrx_word' id='word_1_86' title='bbox 447 2424 564 2491; x_wconf 78' lang='lat' dir='ltr'>studiis:</span> <span class='ocrx_word' id='word_1_87' title='bbox 602 2425 752 2502; x_wconf 80' lang='lat' dir='ltr'>proposita</span> <span class='ocrx_word' id='word_1_88' title='bbox 783 2424 937 2485; x_wconf 78' lang='lat' dir='ltr'>virtutibus</span> <span class='ocrx_word' id='word_1_89' title='bbox 969 2424 1105 2501; x_wconf 78' lang='lat' dir='ltr'>praemie;</span> <span class='ocrx_word' id='word_1_90' title='bbox 1148 2431 1291 2483; x_wconf 70' lang='lat' dir='ltr'>revocate</span> <span class='ocrx_word' id='word_1_91' title='bbox 1322 2423 1358 2482; x_wconf 82' lang='lat' dir='ltr'>ab</span> <span class='ocrx_word' id='word_1_92' title='bbox 1393 2424 1510 2482; x_wconf 90' lang='lat' dir='ltr'>interitu</span> <span class='ocrx_word' id='word_1_93' title='bbox 1544 2422 1649 2490; x_wconf 74' lang='lat' dir='ltr'>literar.</span> <span class='ocrx_word' id='word_1_94' title='bbox 1685 2424 1741 2483; x_wconf 88' lang='lat' dir='ltr'>diis</span> 
     </span>
    </p>

    <p class='ocr_par' dir='ltr' id='par_1_7' title="bbox 386 2507 1779 2603">
     <span class='ocr_line' id='line_1_16' title="bbox 386 2507 1779 2603; baseline -0.002 -16"><span class='ocrx_word' id='word_1_95' title='bbox 386 2527 554 2603; x_wconf 64' lang='lat' dir='ltr'>tegentia:</span> <span class='ocrx_word' id='word_1_96' title='bbox 594 2545 628 2585; x_wconf 86' lang='lat' dir='ltr'>ex</span> <span class='ocrx_word' id='word_1_97' title='bbox 660 2524 747 2602; x_wconf 82' lang='lat' dir='ltr'>longo</span> <span class='ocrx_word' id='word_1_98' title='bbox 775 2544 810 2584; x_wconf 80' lang='lat' dir='ltr'>er.</span> <span class='ocrx_word' id='word_1_99' title='bbox 837 2526 975 2602; x_wconf 88' lang='lat' dir='ltr'>pudendo</span> <span class='ocrx_word' id='word_1_100' title='bbox 1004 2543 1107 2584; x_wconf 86' lang='lat' dir='ltr'>errore</span> <span class='ocrx_word' id='word_1_101' title='bbox 1136 2523 1238 2583; x_wconf 88' lang='lat' dir='ltr'>oculos</span> <span class='ocrx_word' id='word_1_102' title='bbox 1267 2507 1384 2601; x_wconf 37' lang='lat' dir='ltr'>recepit*</span> <span class='ocrx_word' id='word_1_103' title='bbox 1405 2525 1570 2583; x_wconf 81' lang='lat' dir='ltr'>llerrnsnia.</span> <span class='ocrx_word' id='word_1_104' title='bbox 1616 2525 1664 2583; x_wconf 87' lang='lat' dir='ltr'>Sic</span> <span class='ocrx_word' id='word_1_105' title='bbox 1687 2544 1740 2584; x_wconf 86' lang='lat' dir='ltr'>ros</span> <span class='ocrx_word' id='word_1_106' title='bbox 1755 2541 1779 2580; x_wconf 77' lang='lat'>1⁵</span> 
     </span>
    </p>

    <p class='ocr_par' dir='ltr' id='par_1_8' title="bbox 313 2615 1835 3628">
     <span class='ocr_line' id='line_1_17' title="bbox 397 2615 1742 2704; baseline 0.001 -19"><span class='ocrx_word' id='word_1_107' title='bbox 397 2615 399 2620; x_wconf 38' lang='lat'><strong>¹</strong></span> <span class='ocrx_word' id='word_1_108' title='bbox 446 2626 557 2687; x_wconf 84' lang='lat' dir='ltr'>laturos</span> <span class='ocrx_word' id='word_1_109' title='bbox 579 2627 737 2704; x_wconf 84' lang='lat' dir='ltr'>Cnpuionis</span> <span class='ocrx_word' id='word_1_110' title='bbox 759 2627 962 2695; x_wconf 81' lang='lat' dir='ltr'>olllietionom,</span> <span class='ocrx_word' id='word_1_111' title='bbox 998 2635 1031 2686; x_wconf 90' lang='lat' dir='ltr'>ut</span> <span class='ocrx_word' id='word_1_112' title='bbox 1059 2624 1149 2684; x_wconf 79' lang='lat' dir='ltr'>mirlta</span> <span class='ocrx_word' id='word_1_113' title='bbox 1179 2628 1271 2685; x_wconf 91' lang='lat' dir='ltr'>nostri</span> <span class='ocrx_word' id='word_1_114' title='bbox 1293 2626 1434 2692; x_wconf 82' lang='lat' dir='ltr'>maiores,</span> <span class='ocrx_word' id='word_1_115' title='bbox 1464 2626 1613 2703; x_wconf 83' lang='lat' dir='ltr'>putobout.</span> <span class='ocrx_word' id='word_1_116' title='bbox 1659 2628 1742 2704; x_wconf 87' lang='lat' dir='ltr'>quod</span> 
     </span>
     <span class='ocr_line' id='line_1_18' title="bbox 446 2728 1742 2806; baseline 0.001 -19"><span class='ocrx_word' id='word_1_117' title='bbox 446 2729 512 2805; x_wconf 85' lang='lat' dir='ltr'>quin</span> <span class='ocrx_word' id='word_1_118' title='bbox 542 2746 628 2788; x_wconf 82' lang='lat' dir='ltr'>secus</span> <span class='ocrx_word' id='word_1_119' title='bbox 656 2729 756 2797; x_wconf 90' lang='lat' dir='ltr'>cessit,</span> <span class='ocrx_word' id='word_1_120' title='bbox 789 2729 876 2789; x_wconf 90' lang='lat' dir='ltr'>deum</span> <span class='ocrx_word' id='word_1_121' title='bbox 905 2736 992 2806; x_wconf 76' lang='lat' dir='ltr'>atepue</span> <span class='ocrx_word' id='word_1_122' title='bbox 1021 2728 1174 2788; x_wconf 87' lang='lat' dir='ltr'>bominum</span> <span class='ocrx_word' id='word_1_123' title='bbox 1202 2728 1288 2787; x_wconf 87' lang='lat' dir='ltr'>fidem</span> <span class='ocrx_word' id='word_1_124' title='bbox 1317 2728 1460 2787; x_wconf 76' lang='lat' dir='ltr'>incusant.</span> <span class='ocrx_word' id='word_1_125' title='bbox 1506 2728 1572 2805; x_wconf 83' lang='lat' dir='ltr'>quia</span> <span class='ocrx_word' id='word_1_126' title='bbox 1596 2731 1673 2787; x_wconf 90' lang='lat' dir='ltr'>euim</span> <span class='ocrx_word' id='word_1_127' title='bbox 1696 2736 1742 2788; x_wconf 90' lang='lat' dir='ltr'>tot</span> 
     </span>
     <span class='ocr_line' id='line_1_19' title="bbox 444 2828 1740 2908; baseline 0 -19"><span class='ocrx_word' id='word_1_128' title='bbox 444 2836 583 2908; x_wconf 71' lang='lat' dir='ltr'>tantaque</span> <span class='ocrx_word' id='word_1_129' title='bbox 605 2830 687 2907; x_wconf 89' lang='lat' dir='ltr'>prius</span> <span class='ocrx_word' id='word_1_130' title='bbox 709 2828 820 2889; x_wconf 86' lang='lat' dir='ltr'>scelera</span> <span class='ocrx_word' id='word_1_131' title='bbox 843 2831 962 2908; x_wconf 87' lang='lat' dir='ltr'>impune</span> <span class='ocrx_word' id='word_1_132' title='bbox 983 2829 1129 2898; x_wconf 88' lang='lat' dir='ltr'>tulerunt,</span> <span class='ocrx_word' id='word_1_133' title='bbox 1152 2830 1308 2888; x_wconf 82' lang='lat' dir='ltr'>innocente</span> <span class='ocrx_word' id='word_1_134' title='bbox 1331 2835 1432 2905; x_wconf 79' lang='lat' dir='ltr'>erepto</span> <span class='ocrx_word' id='word_1_135' title='bbox 1449 2828 1596 2906; x_wconf 85' lang='lat' dir='ltr'>Capuione</span> <span class='ocrx_word' id='word_1_136' title='bbox 1619 2829 1740 2908; x_wconf 83' lang='lat' dir='ltr'>indigna</span> 
     </span>
     <span class='ocr_line' id='line_1_20' title="bbox 445 2931 1741 3009; baseline 0 -18"><span class='ocrx_word' id='word_1_137' title='bbox 445 2932 558 3009; x_wconf 78' lang='lat' dir='ltr'>sepeli</span> <span class='ocrx_word' id='word_1_138' title='bbox 582 2931 743 3000; x_wconf 73' lang='lat' dir='ltr'>clamitant,</span> <span class='ocrx_word' id='word_1_139' title='bbox 770 2932 848 3009; x_wconf 82' lang='lat' dir='ltr'>qtrod</span> <span class='ocrx_word' id='word_1_140' title='bbox 873 2931 980 2992; x_wconf 87' lang='lat' dir='ltr'>certius</span> <span class='ocrx_word' id='word_1_141' title='bbox 1003 2931 1074 2990; x_wconf 91' lang='lat' dir='ltr'>nibil</span> <span class='ocrx_word' id='word_1_142' title='bbox 1098 2931 1325 2991; x_wconf 84' lang='lat' dir='ltr'>existinmrerint</span> <span class='ocrx_word' id='word_1_143' title='bbox 1347 2947 1442 3007; x_wconf 83' lang='lat' dir='ltr'>nuper</span> <span class='ocrx_word' id='word_1_144' title='bbox 1465 2948 1552 3008; x_wconf 79' lang='lat' dir='ltr'>quam</span> <span class='ocrx_word' id='word_1_145' title='bbox 1575 2949 1607 2990; x_wconf 85' lang='lat' dir='ltr'>se</span> <span class='ocrx_word' id='word_1_146' title='bbox 1630 2934 1741 3007; x_wconf 89' lang='lat' dir='ltr'>potitos</span> 
     </span>
     <span class='ocr_line' id='line_1_21' title="bbox 444 3031 1779 3110; baseline -0.001 -19"><span class='ocrx_word' id='word_1_147' title='bbox 444 3034 584 3094; x_wconf 76' lang='lat' dir='ltr'>adversus</span> <span class='ocrx_word' id='word_1_148' title='bbox 613 3033 790 3110; x_wconf 83' lang='lat' dir='ltr'>Capitiouem</span> <span class='ocrx_word' id='word_1_149' title='bbox 821 3052 855 3092; x_wconf 83' lang='lat' dir='ltr'>ac</span> <span class='ocrx_word' id='word_1_150' title='bbox 882 3032 981 3093; x_wconf 87' lang='lat' dir='ltr'>literas</span> <span class='ocrx_word' id='word_1_151' title='bbox 1011 3034 1145 3101; x_wconf 82' lang='lat' dir='ltr'>victoria,</span> <span class='ocrx_word' id='word_1_152' title='bbox 1181 3051 1247 3092; x_wconf 89' lang='lat' dir='ltr'>cum</span> <span class='ocrx_word' id='word_1_153' title='bbox 1270 3049 1347 3091; x_wconf 85' lang='lat' dir='ltr'>anno</span> <span class='ocrx_word' id='word_1_154' title='bbox 1370 3031 1478 3092; x_wconf 79' lang='lat' dir='ltr'>abhinc</span> <span class='ocrx_word' id='word_1_155' title='bbox 1506 3032 1592 3090; x_wconf 88' lang='lat' dir='ltr'>tertio</span> <span class='ocrx_word' id='word_1_156' title='bbox 1618 3040 1779 3095; x_wconf 79' lang='lat' dir='ltr'>euertemro</span> 
     </span>
     <span class='ocr_line' id='line_1_22' title="bbox 444 3133 1740 3214; baseline 0 -19"><span class='ocrx_word' id='word_1_157' title='bbox 444 3134 567 3195; x_wconf 84' lang='lat' dir='ltr'>Romam</span> <span class='ocrx_word' id='word_1_158' title='bbox 590 3136 713 3213; x_wconf 82' lang='lat' dir='ltr'>pecunia</span> <span class='ocrx_word' id='word_1_159' title='bbox 736 3137 860 3196; x_wconf 76' lang='lat' dir='ltr'>servitiis</span> <span class='ocrx_word' id='word_1_160' title='bbox 881 3154 916 3195; x_wconf 85' lang='lat' dir='ltr'>ac</span> <span class='ocrx_word' id='word_1_161' title='bbox 938 3136 1021 3214; x_wconf 84' lang='lat' dir='ltr'>equis</span> <span class='ocrx_word' id='word_1_162' title='bbox 1043 3136 1219 3196; x_wconf 87' lang='lat' dir='ltr'>instructum</span> <span class='ocrx_word' id='word_1_163' title='bbox 1241 3133 1464 3210; x_wconf 81' lang='lat' dir='ltr'>Hogostratnm,</span> <span class='ocrx_word' id='word_1_164' title='bbox 1495 3134 1655 3193; x_wconf 83' lang='lat' dir='ltr'>modestius</span> <span class='ocrx_word' id='word_1_165' title='bbox 1679 3135 1740 3195; x_wconf 85' lang='lat' dir='ltr'>lor·</span> 
     </span>
     <span class='ocr_line' id='line_1_23' title="bbox 444 3233 1741 3314; baseline -0.001 -18"><span class='ocrx_word' id='word_1_166' title='bbox 444 3243 514 3297; x_wconf 81' lang='lat' dir='ltr'>tuna</span> <span class='ocrx_word' id='word_1_167' title='bbox 544 3245 677 3298; x_wconf 89' lang='lat' dir='ltr'>uteretur</span> <span class='ocrx_word' id='word_1_168' title='bbox 705 3237 812 3296; x_wconf 84' lang='lat' dir='ltr'>lrustrn</span> <span class='ocrx_word' id='word_1_169' title='bbox 842 3255 1008 3305; x_wconf 77' lang='lat' dir='ltr'>tribuerem,</span> <span class='ocrx_word' id='word_1_170' title='bbox 1040 3244 1071 3297; x_wconf 89' lang='lat' dir='ltr'>ut</span> <span class='ocrx_word' id='word_1_171' title='bbox 1098 3236 1147 3314; x_wconf 89' lang='lat' dir='ltr'>qui</span> <span class='ocrx_word' id='word_1_172' title='bbox 1174 3234 1264 3295; x_wconf 87' lang='lat' dir='ltr'>semel</span> <span class='ocrx_word' id='word_1_173' title='bbox 1297 3233 1417 3294; x_wconf 84' lang='lat' dir='ltr'>sublatis</span> <span class='ocrx_word' id='word_1_174' title='bbox 1446 3235 1585 3294; x_wconf 89' lang='lat' dir='ltr'>cornibus</span> <span class='ocrx_word' id='word_1_175' title='bbox 1612 3237 1741 3295; x_wconf 84' lang='lat' dir='ltr'>ferocire</span> 
     </span>
     <span class='ocr_line' id='line_1_24' title="bbox 313 3335 1739 3413; baseline -0.003 -13"><span class='ocrx_word' id='word_1_176' title='bbox 313 3389 317 3400; x_wconf 94' lang='lat'>.</span> <span class='ocrx_word' id='word_1_177' title='bbox 385 3354 502 3404; x_wconf 64' lang='lat' dir='ltr'>§enon</span> <span class='ocrx_word' id='word_1_178' title='bbox 526 3340 687 3407; x_wconf 85' lang='lat' dir='ltr'>desineret,</span> <span class='ocrx_word' id='word_1_179' title='bbox 719 3357 841 3398; x_wconf 88' lang='lat' dir='ltr'>securus</span> <span class='ocrx_word' id='word_1_180' title='bbox 871 3338 925 3397; x_wconf 88' lang='lat' dir='ltr'>sibi</span> <span class='ocrx_word' id='word_1_181' title='bbox 955 3339 1095 3397; x_wconf 67' lang='lat' dir='ltr'>conlectis</span> <span class='ocrx_word' id='word_1_182' title='bbox 1125 3337 1257 3398; x_wconf 68' lang='lat' dir='ltr'>foeliciter·</span> <span class='ocrx_word' id='word_1_183' title='bbox 1284 3338 1335 3396; x_wconf 88' lang='lat' dir='ltr'>rei.</span> <span class='ocrx_word' id='word_1_184' title='bbox 1361 3335 1498 3412; x_wconf 82' lang='lat' dir='ltr'>¹blentini</span> <span class='ocrx_word' id='word_1_185' title='bbox 1526 3335 1739 3413; x_wconf 83' lang='lat' dir='ltr'>opprobrutnm</span> 
     </span>
     <span class='ocr_line' id='line_1_25' title="bbox 445 3436 1739 3515; baseline -0.002 -16"><span class='ocrx_word' id='word_1_186' title='bbox 445 3440 529 3500; x_wconf 89' lang='lat' dir='ltr'>nobis</span> <span class='ocrx_word' id='word_1_187' title='bbox 558 3441 586 3499; x_wconf 89' lang='lat' dir='ltr'>in</span> <span class='ocrx_word' id='word_1_188' title='bbox 616 3439 695 3499; x_wconf 81' lang='lat' dir='ltr'>ltulia</span> <span class='ocrx_word' id='word_1_189' title='bbox 727 3439 853 3499; x_wconf 91' lang='lat' dir='ltr'>bominis</span> <span class='ocrx_word' id='word_1_190' title='bbox 881 3439 1079 3498; x_wconf 81' lang='lat' dir='ltr'>insolentiam:</span> <span class='ocrx_word' id='word_1_191' title='bbox 1115 3438 1247 3497; x_wconf 81' lang='lat' dir='ltr'>‘tentum&#39;</span> <span class='ocrx_word' id='word_1_192' title='bbox 1270 3437 1363 3515; x_wconf 87' lang='lat' dir='ltr'>iuquit</span> <span class='ocrx_word' id='word_1_193' title='bbox 1384 3436 1489 3515; x_wconf 78' lang='lat' dir='ltr'>uliquis</span> <span class='ocrx_word' id='word_1_194' title='bbox 1512 3436 1589 3496; x_wconf 85' lang='lat' dir='ltr'>‘lieet</span> <span class='ocrx_word' id='word_1_195' title='bbox 1611 3437 1639 3495; x_wconf 90' lang='lat' dir='ltr'>in</span> <span class='ocrx_word' id='word_1_196' title='bbox 1664 3438 1739 3497; x_wconf 78' lang='lat' dir='ltr'>Ger·</span> 
     </span>
     <span class='ocr_line' id='line_1_26' title="bbox 443 3531 1835 3628; baseline -0.004 -26"><span class='ocrx_word' id='word_1_197' title='bbox 443 3546 539 3602; x_wconf 81' lang='lat' dir='ltr'>inania</span> <span class='ocrx_word' id='word_1_198' title='bbox 562 3541 733 3602; x_wconf 83' lang='lat' dir='ltr'>iratribus‘l&#39;</span> <span class='ocrx_word' id='word_1_199' title='bbox 763 3531 893 3601; x_wconf 82' lang='lat' dir='ltr'>velabum</span> <span class='ocrx_word' id='word_1_200' title='bbox 915 3541 977 3618; x_wconf 92' lang='lat' dir='ltr'>ipse</span> <span class='ocrx_word' id='word_1_201' title='bbox 1000 3541 1096 3600; x_wconf 85' lang='lat' dir='ltr'>verbis</span> <span class='ocrx_word' id='word_1_202' title='bbox 1125 3546 1265 3619; x_wconf 80' lang='lat' dir='ltr'>quantum</span> <span class='ocrx_word' id='word_1_203' title='bbox 1294 3538 1388 3606; x_wconf 89' lang='lat' dir='ltr'>licuit,</span> <span class='ocrx_word' id='word_1_204' title='bbox 1420 3546 1550 3598; x_wconf 79' lang='lat' dir='ltr'>nostrum</span> <span class='ocrx_word' id='word_1_205' title='bbox 1579 3539 1778 3616; x_wconf 77' lang='lat' dir='ltr'>turpitudi·es</span> <span class='ocrx_word' id='word_1_206' title='bbox 1831 3621 1835 3628; x_wconf 18' lang='grc' dir='ltr'>ν</span> 
     </span>
    </p>
   </div>
   <div class='ocr_carea' id='block_1_7' title="bbox 443 3697 1739 4029">
    <p class='ocr_par' dir='ltr' id='par_1_9' title="bbox 444 3697 1739 3771">
     <span class='ocr_line' id='line_1_27' title="bbox 444 3697 1739 3771; baseline -0.002 -11"><span class='ocrx_word' id='word_1_207' title='bbox 444 3710 503 3760; x_wconf 87' lang='lat' dir='ltr'>on.</span> <span class='ocrx_word' id='word_1_208' title='bbox 523 3710 735 3760; x_wconf 71' lang='lat' dir='ltr'>n.n=1n‹ue.</span> <span class='ocrx_word' id='word_1_209' title='bbox 750 3711 817 3760; x_wconf 75' lang='lat' dir='ltr'>inm.</span> <span class='ocrx_word' id='word_1_210' title='bbox 832 3710 869 3760; x_wconf 70' lang='lat' dir='ltr'>ru.</span> <span class='ocrx_word' id='word_1_211' title='bbox 883 3711 956 3760; x_wconf 84' lang='lat' dir='ltr'>xvr.</span> <span class='ocrx_word' id='word_1_212' title='bbox 973 3710 1026 3760; x_wconf 78' lang='lat' dir='ltr'>te.</span> <span class='ocrx_word' id='word_1_213' title='bbox 1052 3697 1060 3708; x_wconf 77' lang='grc'><em>“</em></span> <span class='ocrx_word' id='word_1_214' title='bbox 1075 3709 1136 3759; x_wconf 78' lang='lat'>3:</span> <span class='ocrx_word' id='word_1_215' title='bbox 1148 3709 1214 3759; x_wconf 74' lang='lat' dir='ltr'>totu.</span> <span class='ocrx_word' id='word_1_216' title='bbox 1229 3708 1266 3757; x_wconf 83' lang='lat'>11⁰.</span> <span class='ocrx_word' id='word_1_217' title='bbox 1281 3708 1304 3759; x_wconf 74' lang='lat' dir='ltr'>t.</span> <span class='ocrx_word' id='word_1_218' title='bbox 1353 3708 1415 3756; x_wconf 81' lang='lat' dir='ltr'>t:</span> <span class='ocrx_word' id='word_1_219' title='bbox 1427 3708 1539 3756; x_wconf 65' lang='lat' dir='ltr'>nartem</span> <span class='ocrx_word' id='word_1_220' title='bbox 1553 3708 1739 3771; x_wconf 49' lang='lat' dir='ltr'>premitibus,</span> 
     </span>
    </p>

    <p class='ocr_par' dir='ltr' id='par_1_10' title="bbox 443 3792 1739 3860">
     <span class='ocr_line' id='line_1_28' title="bbox 443 3792 1739 3860; baseline -0.003 -15"><span class='ocrx_word' id='word_1_221' title='bbox 443 3796 507 3845; x_wconf 87' lang='lat' dir='ltr'>inde</span> <span class='ocrx_word' id='word_1_222' title='bbox 527 3813 543 3845; x_wconf 86' lang='lat' dir='ltr'>a</span> <span class='ocrx_word' id='word_1_223' title='bbox 561 3798 584 3856; x_wconf 66' lang='grc' dir='ltr'>ἕ.</span> <span class='ocrx_word' id='word_1_224' title='bbox 599 3796 623 3845; x_wconf 84' lang='grc'>5.</span> <span class='ocrx_word' id='word_1_225' title='bbox 642 3813 668 3845; x_wconf 90' lang='lat' dir='ltr'>v.</span> <span class='ocrx_word' id='word_1_226' title='bbox 689 3798 726 3844; x_wconf 89' lang='lat' dir='ltr'>Ili</span> <span class='ocrx_word' id='word_1_227' title='bbox 742 3803 798 3845; x_wconf 76' lang='lat' dir='ltr'>sient</span> <span class='ocrx_word' id='word_1_228' title='bbox 818 3796 932 3860; x_wconf 88' lang='lat' dir='ltr'>repetiit</span> <span class='ocrx_word' id='word_1_229' title='bbox 950 3796 1049 3845; x_wconf 78' lang='lat' dir='ltr'>binius.</span> <span class='ocrx_word' id='word_1_230' title='bbox 1071 3796 1107 3843; x_wconf 89' lang='lat' dir='ltr'>cf.</span> <span class='ocrx_word' id='word_1_231' title='bbox 1122 3794 1181 3843; x_wconf 91' lang='lat' dir='ltr'>lnd.</span> <span class='ocrx_word' id='word_1_232' title='bbox 1200 3792 1268 3843; x_wconf 89' lang='lat' dir='ltr'>bibl.</span> <span class='ocrx_word' id='word_1_233' title='bbox 1287 3792 1304 3841; x_wconf 88' lang='lat' dir='ltr'>l.</span> <span class='ocrx_word' id='word_1_234' title='bbox 1326 3809 1350 3841; x_wconf 91' lang='lat' dir='ltr'>e.</span> <span class='ocrx_word' id='word_1_235' title='bbox 1370 3792 1407 3841; x_wconf 86' lang='lat' dir='ltr'>n⁰.</span> <span class='ocrx_word' id='word_1_236' title='bbox 1422 3792 1445 3840; x_wconf 82' lang='lat'>5.</span> <span class='ocrx_word' id='word_1_237' title='bbox 1517 3792 1739 3857; x_wconf 21' lang='lat' dir='ltr'>bzlllerdtius</span> 
     </span>
    </p>

    <p class='ocr_par' dir='ltr' id='par_1_11' title="bbox 443 3876 1737 4029">
     <span class='ocr_line' id='line_1_29' title="bbox 443 3876 1737 3946; baseline -0.003 -17"><span class='ocrx_word' id='word_1_238' title='bbox 443 3881 513 3945; x_wconf 89' lang='lat' dir='ltr'>(lnd.</span> <span class='ocrx_word' id='word_1_239' title='bbox 528 3880 595 3931; x_wconf 87' lang='lat' dir='ltr'>bibl.</span> <span class='ocrx_word' id='word_1_240' title='bbox 610 3880 627 3930; x_wconf 89' lang='lat'>1.</span> <span class='ocrx_word' id='word_1_241' title='bbox 643 3896 666 3931; x_wconf 88' lang='lat' dir='ltr'>c.</span> <span class='ocrx_word' id='word_1_242' title='bbox 681 3881 718 3929; x_wconf 88' lang='lat' dir='ltr'>n⁰.</span> <span class='ocrx_word' id='word_1_243' title='bbox 732 3880 768 3942; x_wconf 77' lang='lat' dir='ltr'>o.)</span> <span class='ocrx_word' id='word_1_244' title='bbox 788 3882 823 3930; x_wconf 93' lang='lat' dir='ltr'>ll.</span> <span class='ocrx_word' id='word_1_245' title='bbox 838 3898 864 3946; x_wconf 91' lang='lat' dir='ltr'>p.</span> <span class='ocrx_word' id='word_1_246' title='bbox 880 3879 936 3928; x_wconf 75' lang='lat' dir='ltr'>ltu.</span> <span class='ocrx_word' id='word_1_247' title='bbox 951 3895 990 3944; x_wconf 86' lang='lat' dir='ltr'>sq.</span> <span class='ocrx_word' id='word_1_248' title='bbox 1007 3877 1063 3929; x_wconf 78' lang='grc'><strong>156.</strong></span> <span class='ocrx_word' id='word_1_249' title='bbox 1083 3879 1203 3943; x_wconf 88' lang='lat' dir='ltr'>repetito</span> <span class='ocrx_word' id='word_1_250' title='bbox 1223 3876 1346 3942; x_wconf 82' lang='lat' dir='ltr'>exemplo</span> <span class='ocrx_word' id='word_1_251' title='bbox 1365 3878 1386 3925; x_wconf 90' lang='lat' dir='ltr'><strong>B</strong></span> <span class='ocrx_word' id='word_1_252' title='bbox 1406 3877 1549 3940; x_wconf 83' lang='lat' dir='ltr'>inscripsit</span> <span class='ocrx_word' id='word_1_253' title='bbox 1570 3877 1651 3927; x_wconf 74' lang='lat' dir='ltr'>(sirie-i</span> <span class='ocrx_word' id='word_1_254' title='bbox 1668 3879 1737 3926; x_wconf 79' lang='lat' dir='ltr'>Ilet-</span> 
     </span>
     <span class='ocr_line' id='line_1_30' title="bbox 695 3959 1480 4029; baseline -0.005 -16"><span class='ocrx_word' id='word_1_255' title='bbox 695 3970 749 4014; x_wconf 80' lang='lat' dir='ltr'>tenr‘</span> <span class='ocrx_word' id='word_1_256' title='bbox 764 3981 836 4029; x_wconf 80' lang='lat' dir='ltr'>opus.</span> <span class='ocrx_word' id='word_1_257' title='bbox 888 3963 950 4012; x_wconf 80' lang='lat' dir='ltr'>o:</span> <span class='ocrx_word' id='word_1_258' title='bbox 962 3965 1041 4013; x_wconf 86' lang='lat' dir='ltr'>llutt.</span> <span class='ocrx_word' id='word_1_259' title='bbox 1055 3963 1164 4013; x_wconf 83' lang='lat' dir='ltr'>bliinclr.</span> <span class='ocrx_word' id='word_1_260' title='bbox 1179 3964 1216 4012; x_wconf 89' lang='lat'>11.</span> <span class='ocrx_word' id='word_1_261' title='bbox 1230 3979 1255 4026; x_wconf 91' lang='lat' dir='ltr'>p.</span> <span class='ocrx_word' id='word_1_262' title='bbox 1269 3959 1408 4010; x_wconf 69' lang='lat'>359...361.</span> <span class='ocrx_word' id='word_1_263' title='bbox 1422 3960 1480 4010; x_wconf 70' lang='lat'>391.</span> 
     </span>
    </p>
   </div>
   <div class='ocr_carea' id='block_1_8' title="bbox 403 4093 1740 5188">
    <p class='ocr_par' dir='ltr' id='par_1_12' title="bbox 412 4093 1740 5098">
     <span class='ocr_line' id='line_1_31' title="bbox 510 4093 1740 4165; baseline -0.002 -16"><span class='ocrx_word' id='word_1_264' title='bbox 510 4098 520 4130; x_wconf 78' lang='lat'>³</span> <span class='ocrx_word' id='word_1_265' title='bbox 543 4116 586 4149; x_wconf 77' lang='lat' dir='ltr'>sn.</span> <span class='ocrx_word' id='word_1_266' title='bbox 606 4098 719 4165; x_wconf 81' lang='lat' dir='ltr'>nrzeur]</span> <span class='ocrx_word' id='word_1_267' title='bbox 750 4117 867 4150; x_wconf 77' lang='lat' dir='ltr'>ruerem</span> <span class='ocrx_word' id='word_1_268' title='bbox 893 4115 927 4149; x_wconf 77' lang='lat' dir='ltr'>te</span> <span class='ocrx_word' id='word_1_269' title='bbox 947 4116 1058 4152; x_wconf 77' lang='lat' dir='ltr'>uvrreu</span> <span class='ocrx_word' id='word_1_270' title='bbox 1077 4115 1191 4157; x_wconf 75' lang='lat' dir='ltr'>uomere</span> <span class='ocrx_word' id='word_1_271' title='bbox 1216 4101 1382 4147; x_wconf 69' lang='lat' dir='ltr'>cesserint.</span> <span class='ocrx_word' id='word_1_272' title='bbox 1453 4096 1495 4146; x_wconf 86' lang='lat' dir='ltr'>El.</span> <span class='ocrx_word' id='word_1_273' title='bbox 1516 4093 1629 4161; x_wconf 75' lang='lat' dir='ltr'>Byzenil</span> <span class='ocrx_word' id='word_1_274' title='bbox 1658 4098 1740 4158; x_wconf 78' lang='lat' dir='ltr'>erod</span> 
     </span>
     <span class='ocr_line' id='line_1_32' title="bbox 443 4182 1739 4251; baseline -0.002 -18"><span class='ocrx_word' id='word_1_275' title='bbox 443 4184 589 4233; x_wconf 89' lang='lat' dir='ltr'>bliinebius</span> <span class='ocrx_word' id='word_1_276' title='bbox 608 4185 687 4249; x_wconf 82' lang='lat' dir='ltr'>(Epp.</span> <span class='ocrx_word' id='word_1_277' title='bbox 703 4186 735 4233; x_wconf 91' lang='grc' dir='ltr'>Ο.</span> <span class='ocrx_word' id='word_1_278' title='bbox 749 4186 781 4233; x_wconf 85' lang='lat' dir='ltr'>V.</span> <span class='ocrx_word' id='word_1_279' title='bbox 796 4186 872 4249; x_wconf 82' lang='lat' dir='ltr'>Lipu.</span> <span class='ocrx_word' id='word_1_280' title='bbox 889 4184 960 4233; x_wconf 75' lang='lat'>1827.</span> <span class='ocrx_word' id='word_1_281' title='bbox 980 4204 1004 4251; x_wconf 91' lang='lat' dir='ltr'>p.</span> <span class='ocrx_word' id='word_1_282' title='bbox 1019 4184 1075 4247; x_wconf 76' lang='grc'>54.)</span> <span class='ocrx_word' id='word_1_283' title='bbox 1094 4186 1229 4242; x_wconf 80' lang='lat' dir='ltr'>narravit,</span> <span class='ocrx_word' id='word_1_284' title='bbox 1255 4186 1328 4232; x_wconf 85' lang='lat' dir='ltr'>inter</span> <span class='ocrx_word' id='word_1_285' title='bbox 1345 4184 1511 4233; x_wconf 78' lang='lat' dir='ltr'>&#39;luriccnsiu</span> <span class='ocrx_word' id='word_1_286' title='bbox 1534 4182 1569 4230; x_wconf 83' lang='lat' dir='ltr'>ub</span> <span class='ocrx_word' id='word_1_287' title='bbox 1588 4183 1648 4245; x_wconf 87' lang='lat' dir='ltr'>ipso</span> <span class='ocrx_word' id='word_1_288' title='bbox 1667 4183 1739 4231; x_wconf 89' lang='lat' dir='ltr'>llut-</span> 
     </span>
     <span class='ocr_line' id='line_1_33' title="bbox 443 4267 1738 4335; baseline -0.001 -18"><span class='ocrx_word' id='word_1_289' title='bbox 443 4273 508 4318; x_wconf 85' lang='lat' dir='ltr'>tono</span> <span class='ocrx_word' id='word_1_290' title='bbox 527 4269 674 4318; x_wconf 80' lang='lat' dir='ltr'>emendata</span> <span class='ocrx_word' id='word_1_291' title='bbox 698 4269 867 4334; x_wconf 81' lang='lat' dir='ltr'>exemplaria</span> <span class='ocrx_word' id='word_1_292' title='bbox 891 4285 921 4317; x_wconf 84' lang='lat' dir='ltr'>se</span> <span class='ocrx_word' id='word_1_293' title='bbox 946 4271 1051 4320; x_wconf 85' lang='lat' dir='ltr'>vidisse</span> <span class='ocrx_word' id='word_1_294' title='bbox 1070 4268 1222 4335; x_wconf 84' lang='lat' dir='ltr'>cxcruplum</span> <span class='ocrx_word' id='word_1_295' title='bbox 1246 4268 1385 4333; x_wconf 80' lang='lat' dir='ltr'>Trtrrnrpbr&#39;,</span> <span class='ocrx_word' id='word_1_296' title='bbox 1411 4269 1440 4315; x_wconf 90' lang='lat' dir='ltr'>in</span> <span class='ocrx_word' id='word_1_297' title='bbox 1459 4269 1536 4316; x_wconf 87' lang='lat' dir='ltr'>cuius</span> <span class='ocrx_word' id='word_1_298' title='bbox 1555 4267 1738 4330; x_wconf 76' lang='lat' dir='ltr'>inscriptione</span> 
     </span>
     <span class='ocr_line' id='line_1_34' title="bbox 441 4353 1739 4420; baseline -0.002 -17"><span class='ocrx_word' id='word_1_299' title='bbox 441 4370 491 4418; x_wconf 86' lang='lat' dir='ltr'>pro</span> <span class='ocrx_word' id='word_1_300' title='bbox 518 4353 618 4402; x_wconf 86' lang='lat' dir='ltr'>deletis</span> <span class='ocrx_word' id='word_1_301' title='bbox 645 4353 737 4402; x_wconf 82' lang='lat' dir='ltr'>vorbis</span> <span class='ocrx_word' id='word_1_302' title='bbox 763 4353 912 4404; x_wconf 65' lang='lat' dir='ltr'>Eleutherio</span> <span class='ocrx_word' id='word_1_303' title='bbox 931 4356 1036 4418; x_wconf 78' lang='lat' dir='ltr'>szcno</span> <span class='ocrx_word' id='word_1_304' title='bbox 1055 4356 1188 4420; x_wconf 87' lang='lat' dir='ltr'>scriptum</span> <span class='ocrx_word' id='word_1_305' title='bbox 1207 4353 1307 4403; x_wconf 82' lang='lat' dir='ltr'>fuisset</span> <span class='ocrx_word' id='word_1_306' title='bbox 1338 4354 1424 4404; x_wconf 82' lang='lat' dir='ltr'>d&#39;lrieb</span> <span class='ocrx_word' id='word_1_307' title='bbox 1442 4354 1557 4401; x_wconf 81' lang='lat' dir='ltr'>Ilntteno</span> <span class='ocrx_word' id='word_1_308' title='bbox 1580 4358 1682 4405; x_wconf 74' lang='lat' dir='ltr'>credor-c.</span> <span class='ocrx_word' id='word_1_309' title='bbox 1714 4354 1739 4400; x_wconf 87' lang='lat' dir='ltr'>si</span> 
     </span>
     <span class='ocr_line' id='line_1_35' title="bbox 442 4435 1740 4503; baseline -0.004 -14"><span class='ocrx_word' id='word_1_310' title='bbox 442 4454 536 4489; x_wconf 85' lang='lat' dir='ltr'>verum</span> <span class='ocrx_word' id='word_1_311' title='bbox 555 4438 582 4487; x_wconf 92' lang='lat' dir='ltr'>id</span> <span class='ocrx_word' id='word_1_312' title='bbox 601 4453 689 4503; x_wconf 85' lang='lat' dir='ltr'>neque</span> <span class='ocrx_word' id='word_1_313' title='bbox 709 4455 741 4487; x_wconf 85' lang='lat' dir='ltr'>ex</span> <span class='ocrx_word' id='word_1_314' title='bbox 760 4438 853 4487; x_wconf 84' lang='lat' dir='ltr'>multis</span> <span class='ocrx_word' id='word_1_315' title='bbox 871 4440 989 4490; x_wconf 85' lang='lat' dir='ltr'>hominis</span> <span class='ocrx_word' id='word_1_316' title='bbox 1008 4439 1171 4491; x_wconf 80' lang='lat' dir='ltr'>levitatibus</span> <span class='ocrx_word' id='word_1_317' title='bbox 1190 4443 1245 4498; x_wconf 81' lang='lat' dir='ltr'>est,</span> <span class='ocrx_word' id='word_1_318' title='bbox 1266 4445 1359 4487; x_wconf 87' lang='lat' dir='ltr'>tumen</span> <span class='ocrx_word' id='word_1_319' title='bbox 1378 4452 1431 4486; x_wconf 91' lang='lat' dir='ltr'>uon</span> <span class='ocrx_word' id='word_1_320' title='bbox 1455 4436 1555 4500; x_wconf 80' lang='lat' dir='ltr'>probat</span> <span class='ocrx_word' id='word_1_321' title='bbox 1572 4436 1632 4484; x_wconf 79' lang='lat' dir='ltr'>baec</span> <span class='ocrx_word' id='word_1_322' title='bbox 1651 4435 1740 4484; x_wconf 81' lang='lat' dir='ltr'>verba</span> 
     </span>
     <span class='ocr_line' id='line_1_36' title="bbox 443 4520 1738 4588; baseline -0.002 -16"><span class='ocrx_word' id='word_1_323' title='bbox 443 4524 478 4573; x_wconf 81' lang='lat' dir='ltr'>ab</span> <span class='ocrx_word' id='word_1_324' title='bbox 498 4525 559 4588; x_wconf 88' lang='lat' dir='ltr'>ipsu</span> <span class='ocrx_word' id='word_1_325' title='bbox 576 4523 694 4572; x_wconf 88' lang='lat' dir='ltr'>llutteni</span> <span class='ocrx_word' id='word_1_326' title='bbox 712 4539 807 4584; x_wconf 83' lang='lat' dir='ltr'>mauu,</span> <span class='ocrx_word' id='word_1_327' title='bbox 828 4540 908 4588; x_wconf 85' lang='lat' dir='ltr'>qumn</span> <span class='ocrx_word' id='word_1_328' title='bbox 926 4531 957 4573; x_wconf 91' lang='lat' dir='ltr'>ut</span> <span class='ocrx_word' id='word_1_329' title='bbox 976 4526 1034 4574; x_wconf 85' lang='lat' dir='ltr'>alin</span> <span class='ocrx_word' id='word_1_330' title='bbox 1052 4541 1107 4573; x_wconf 92' lang='lat' dir='ltr'>non</span> <span class='ocrx_word' id='word_1_331' title='bbox 1125 4523 1195 4572; x_wconf 80' lang='lat' dir='ltr'>sutis</span> <span class='ocrx_word' id='word_1_332' title='bbox 1213 4523 1290 4571; x_wconf 84' lang='lat' dir='ltr'>norit</span> <span class='ocrx_word' id='word_1_333' title='bbox 1308 4522 1467 4581; x_wconf 84' lang='lat' dir='ltr'>blliucbius‚</span> <span class='ocrx_word' id='word_1_334' title='bbox 1493 4521 1620 4585; x_wconf 80' lang='lat' dir='ltr'>adpositu</span> <span class='ocrx_word' id='word_1_335' title='bbox 1640 4520 1738 4569; x_wconf 82' lang='lat' dir='ltr'>sitisse.</span> 
     </span>
     <span class='ocr_line' id='line_1_37' title="bbox 442 4601 1739 4672; baseline -0.004 -14"><span class='ocrx_word' id='word_1_336' title='bbox 442 4608 512 4658; x_wconf 88' lang='lat' dir='ltr'>blibi</span> <span class='ocrx_word' id='word_1_337' title='bbox 531 4608 640 4672; x_wconf 86' lang='lat' dir='ltr'>quidem</span> <span class='ocrx_word' id='word_1_338' title='bbox 652 4608 819 4657; x_wconf 77' lang='lat' dir='ltr'>&#39;l&#39;uriceuses</span> <span class='ocrx_word' id='word_1_339' title='bbox 832 4610 948 4659; x_wconf 87' lang='lat' dir='ltr'>Hutteni</span> <span class='ocrx_word' id='word_1_340' title='bbox 967 4609 1078 4658; x_wconf 84' lang='lat' dir='ltr'>libellos</span> <span class='ocrx_word' id='word_1_341' title='bbox 1092 4625 1116 4658; x_wconf 83' lang='lat' dir='ltr'>e.</span> <span class='ocrx_word' id='word_1_342' title='bbox 1134 4606 1205 4656; x_wconf 77' lang='lat'>1855.</span> <span class='ocrx_word' id='word_1_343' title='bbox 1220 4606 1370 4671; x_wconf 80' lang='lat' dir='ltr'>diligente-r</span> <span class='ocrx_word' id='word_1_344' title='bbox 1387 4606 1558 4671; x_wconf 84' lang='lat' dir='ltr'>perquirenti</span> <span class='ocrx_word' id='word_1_345' title='bbox 1577 4620 1656 4653; x_wconf 91' lang='lat' dir='ltr'>nemo</span> <span class='ocrx_word' id='word_1_346' title='bbox 1669 4601 1739 4654; x_wconf 78' lang='lat' dir='ltr'>illud</span> 
     </span>
     <span class='ocr_line' id='line_1_38' title="bbox 412 4688 1738 4759; baseline -0.005 -16"><span class='ocrx_word' id='word_1_347' title='bbox 412 4711 417 4721; x_wconf 71' lang='lat'><strong><em>⁴</em></strong></span> <span class='ocrx_word' id='word_1_348' title='bbox 444 4693 597 4758; x_wconf 83' lang='lat' dir='ltr'>exemplum</span> <span class='ocrx_word' id='word_1_349' title='bbox 616 4693 746 4741; x_wconf 84' lang='lat' dir='ltr'>exhibere</span> <span class='ocrx_word' id='word_1_350' title='bbox 765 4695 866 4758; x_wconf 87' lang='lat' dir='ltr'>potuit,</span> <span class='ocrx_word' id='word_1_351' title='bbox 887 4697 1043 4759; x_wconf 80' lang='lat' dir='ltr'>erepiusque</span> <span class='ocrx_word' id='word_1_352' title='bbox 1063 4693 1197 4759; x_wconf 83' lang='lat' dir='ltr'>quaerenti</span> <span class='ocrx_word' id='word_1_353' title='bbox 1215 4706 1373 4756; x_wconf 81' lang='lat' dir='ltr'>responsum</span> <span class='ocrx_word' id='word_1_354' title='bbox 1394 4694 1436 4739; x_wconf 85' lang='lat' dir='ltr'>est</span> <span class='ocrx_word' id='word_1_355' title='bbox 1449 4694 1497 4737; x_wconf 83' lang='lat' dir='ltr'>aut</span> <span class='ocrx_word' id='word_1_356' title='bbox 1510 4689 1684 4737; x_wconf 82' lang='lat' dir='ltr'>menducium</span> <span class='ocrx_word' id='word_1_357' title='bbox 1697 4688 1738 4737; x_wconf 92' lang='lat' dir='ltr'>di-</span> 
     </span>
     <span class='ocr_line' id='line_1_39' title="bbox 441 4772 1739 4844; baseline -0.004 -17"><span class='ocrx_word' id='word_1_358' title='bbox 441 4779 515 4827; x_wconf 80' lang='lat' dir='ltr'>xisse</span> <span class='ocrx_word' id='word_1_359' title='bbox 534 4778 707 4838; x_wconf 83' lang='lat' dir='ltr'>bliinebitun,</span> <span class='ocrx_word' id='word_1_360' title='bbox 731 4784 779 4827; x_wconf 86' lang='lat' dir='ltr'>out</span> <span class='ocrx_word' id='word_1_361' title='bbox 799 4783 874 4829; x_wconf 87' lang='lat' dir='ltr'>corte</span> <span class='ocrx_word' id='word_1_362' title='bbox 893 4778 961 4828; x_wconf 91' lang='lat' dir='ltr'>illud</span> <span class='ocrx_word' id='word_1_363' title='bbox 980 4778 1134 4844; x_wconf 81' lang='lat' dir='ltr'>exemplum</span> <span class='ocrx_word' id='word_1_364' title='bbox 1157 4775 1335 4826; x_wconf 76' lang='lat' dir='ltr'>bibliothecen</span> <span class='ocrx_word' id='word_1_365' title='bbox 1356 4776 1480 4824; x_wconf 81' lang='lat' dir='ltr'>civitatis</span> <span class='ocrx_word' id='word_1_366' title='bbox 1498 4774 1591 4823; x_wconf 86' lang='lat' dir='ltr'>Turic.</span> <span class='ocrx_word' id='word_1_367' title='bbox 1612 4772 1739 4823; x_wconf 79' lang='lat' dir='ltr'>oblatum</span> 
     </span>
     <span class='ocr_line' id='line_1_40' title="bbox 444 4857 1739 4929; baseline -0.003 -17"><span class='ocrx_word' id='word_1_368' title='bbox 444 4879 513 4912; x_wconf 83' lang='lat' dir='ltr'>esse.</span> <span class='ocrx_word' id='word_1_369' title='bbox 545 4861 673 4912; x_wconf 82' lang='lat' dir='ltr'>Ceterum</span> <span class='ocrx_word' id='word_1_370' title='bbox 692 4864 763 4912; x_wconf 81' lang='lat' dir='ltr'>banc</span> <span class='ocrx_word' id='word_1_371' title='bbox 782 4864 976 4927; x_wconf 83' lang='lat' dir='ltr'>praelationem</span> <span class='ocrx_word' id='word_1_372' title='bbox 995 4864 1188 4929; x_wconf 85' lang='lat' dir='ltr'>epilogumqne</span> <span class='ocrx_word' id='word_1_373' title='bbox 1207 4861 1353 4924; x_wconf 83' lang='lat' dir='ltr'>scripsisse</span> <span class='ocrx_word' id='word_1_374' title='bbox 1366 4861 1518 4908; x_wconf 89' lang='lat' dir='ltr'>Hutteuum</span> <span class='ocrx_word' id='word_1_375' title='bbox 1538 4857 1664 4921; x_wconf 87' lang='lat' dir='ltr'>equidem</span> <span class='ocrx_word' id='word_1_376' title='bbox 1683 4874 1739 4908; x_wconf 91' lang='lat' dir='ltr'>non</span> 
     </span>
     <span class='ocr_line' id='line_1_41' title="bbox 443 4942 1738 5013; baseline -0.002 -18"><span class='ocrx_word' id='word_1_377' title='bbox 443 4946 615 5011; x_wconf 76' lang='lat' dir='ltr'>negaverim,</span> <span class='ocrx_word' id='word_1_378' title='bbox 636 4947 724 5011; x_wconf 86' lang='lat' dir='ltr'>ipsum</span> <span class='ocrx_word' id='word_1_379' title='bbox 742 4964 808 4996; x_wconf 77' lang='lat' dir='ltr'>vcro</span> <span class='ocrx_word' id='word_1_380' title='bbox 821 4948 964 5013; x_wconf 88' lang='lat' dir='ltr'>Triumphi</span> <span class='ocrx_word' id='word_1_381' title='bbox 983 4963 1095 4997; x_wconf 83' lang='lat' dir='ltr'>carmen</span> <span class='ocrx_word' id='word_1_382' title='bbox 1115 4961 1256 4997; x_wconf 87' lang='lat' dir='ltr'>commune</span> <span class='ocrx_word' id='word_1_383' title='bbox 1270 4946 1423 4994; x_wconf 85' lang='lat' dir='ltr'>Hermanni</span> <span class='ocrx_word' id='word_1_384' title='bbox 1436 4942 1550 4992; x_wconf 82' lang='lat' dir='ltr'>Buschii</span> <span class='ocrx_word' id='word_1_385' title='bbox 1564 4943 1738 5007; x_wconf 84' lang='lat' dir='ltr'>llutteniquo</span> 
     </span>
     <span class='ocr_line' id='line_1_42' title="bbox 441 5025 1738 5098; baseline -0.004 -17"><span class='ocrx_word' id='word_1_386' title='bbox 441 5046 509 5097; x_wconf 88' lang='lat' dir='ltr'>opus</span> <span class='ocrx_word' id='word_1_387' title='bbox 522 5046 583 5080; x_wconf 83' lang='lat' dir='ltr'>esse</span> <span class='ocrx_word' id='word_1_388' title='bbox 595 5031 655 5081; x_wconf 62' lang='lat' dir='ltr'>dori</span> <span class='ocrx_word' id='word_1_389' title='bbox 668 5030 836 5081; x_wconf 88' lang='lat' dir='ltr'>simillimum</span> <span class='ocrx_word' id='word_1_390' title='bbox 848 5049 909 5082; x_wconf 81' lang='lat' dir='ltr'>esse</span> <span class='ocrx_word' id='word_1_391' title='bbox 923 5040 997 5098; x_wconf 90' lang='lat' dir='ltr'>puto.</span> <span class='ocrx_word' id='word_1_392' title='bbox 1042 5030 1268 5080; x_wconf 73' lang='lat' dir='ltr'>⁶Germanorum</span> <span class='ocrx_word' id='word_1_393' title='bbox 1283 5032 1306 5078; x_wconf 79' lang='grc'>6.</span> <span class='ocrx_word' id='word_1_394' title='bbox 1353 5028 1373 5061; x_wconf 82' lang='lat'>¹³</span> <span class='ocrx_word' id='word_1_395' title='bbox 1393 5030 1500 5078; x_wconf 85' lang='lat' dir='ltr'>frenum</span> <span class='ocrx_word' id='word_1_396' title='bbox 1515 5029 1608 5077; x_wconf 70' lang='lat' dir='ltr'>tto.</span> <span class='ocrx_word' id='word_1_397' title='bbox 1654 5025 1676 5058; x_wconf 82' lang='lat'>²³</span> <span class='ocrx_word' id='word_1_398' title='bbox 1696 5028 1738 5077; x_wconf 87' lang='lat' dir='ltr'>le·</span> 
     </span>
    </p>

    <p class='ocr_par' dir='ltr' id='par_1_13' title="bbox 403 5115 1141 5188">
     <span class='ocr_line' id='line_1_43' title="bbox 403 5115 1141 5188; baseline -0.004 -23"><span class='ocrx_word' id='word_1_399' title='bbox 403 5183 405 5188; x_wconf 17' lang='grc' dir='ltr'><strong><em>Α</em></strong></span> <span class='ocrx_word' id='word_1_400' title='bbox 443 5116 537 5167; x_wconf 87' lang='lat' dir='ltr'>licitur</span> <span class='ocrx_word' id='word_1_401' title='bbox 550 5118 624 5164; x_wconf 80' lang='grc'><em>3...6.</em></span> <span class='ocrx_word' id='word_1_402' title='bbox 678 5115 700 5147; x_wconf 76' lang='lat'>²⁴</span> <span class='ocrx_word' id='word_1_403' title='bbox 718 5117 822 5180; x_wconf 82' lang='lat' dir='ltr'>inquit,</span> <span class='ocrx_word' id='word_1_404' title='bbox 844 5117 944 5180; x_wconf 85' lang='lat' dir='ltr'>aliquis</span> <span class='ocrx_word' id='word_1_405' title='bbox 957 5117 1025 5167; x_wconf 88' lang='lat' dir='ltr'>licet</span> <span class='ocrx_word' id='word_1_406' title='bbox 1037 5117 1102 5166; x_wconf 77' lang='lat' dir='ltr'>AB.</span> <span class='ocrx_word' id='word_1_407' title='bbox 1117 5118 1141 5163; x_wconf 79' lang='lat'>5.</span> 
     </span>
    </p>
   </div>
   <div class='ocr_carea' id='block_1_9' title="bbox 0 0 2038 6209">
    <p class='ocr_par' dir='ltr' id='par_1_14' title="bbox 0 0 2038 6209">
     <span class='ocr_line' id='line_1_44' title="bbox 0 0 2038 6209; baseline 0 3"><span class='ocrx_word' id='word_1_408' title='bbox 0 0 2038 6209; x_wconf 95' lang='lat' dir='ltr'> </span> 
     </span>
    </p>
   </div>
  </div>
 </body>
</html>
