4067 6209
413 762 486 835 246
566 774 842 825 CVII.‘avrrra1ao
855 787 999 824 raaucrsc.
1014 787 1078 824 aaa.
1092 789 1230 825 raaucoa.
1244 790 1288 826 nr.
1301 791 1328 827 o.
1341 784 1377 826 ts.
1391 791 1477 828 rasa.
1492 783 1558 828 tata.

346 954 405 1006 §.tt
416 944 649 1024 dereliqueram
682 950 714 1004 tu
737 943 806 1021 quial
830 944 931 1011 iacies,
960 950 988 1003 et
1011 961 1062 1004 rex
1086 951 1114 1004 et
1137 942 1256 1005 Gallus?
1287 943 1348 1024 Age
1376 951 1478 1007 autem
1505 948 1534 1008 si
1562 945 1712 1026 popularis

413 1055 489 1110 osset
511 1047 561 1106 tibi
585 1047 670 1105 otiam
693 1045 821 1105 carnifex
844 1043 906 1114 ille,
936 1063 1094 1106 erroreum
1120 1044 1284 1123 expelleres
1311 1053 1361 1107 aut
1388 1046 1541 1125 supplicio
1571 1049 1712 1110 adliceros

413 1152 503 1217 lorto,
527 1151 624 1206 nonne
646 1165 769 1224 reguum
792 1153 875 1206 tuum
897 1164 1076 1223 expurgasse
1099 1153 1127 1206 ct
1149 1146 1265 1225 piaculo
1288 1146 1412 1208 Galliam
1434 1167 1550 1228 magno
1573 1149 1713 1212 lustrasse

412 1258 441 1311 te
463 1250 563 1309 dicere
584 1246 693 1308 velles?
725 1250 760 1308 at
783 1266 861 1308 urano
882 1266 941 1306 uon
965 1246 1065 1308 Gallus
1088 1255 1145 1318 est,
1168 1267 1270 1309 vorum
1292 1248 1376 1318 lriuc,
1398 1250 1451 1310 ubi
1474 1268 1591 1330 magno
1612 1259 1713 1313 nostro

413 1351 526 1429 pudore
549 1356 578 1409 et
599 1347 674 1408 altus
697 1356 740 1409 est
763 1357 792 1409 ct
813 1350 941 1427 genitus,
971 1349 1118 1410 bonorum
1141 1351 1273 1410 omnium
1303 1368 1466 1421 consensu,
1495 1352 1623 1430 publica
1646 1368 1732 1415 oon-a

412 1453 571 1520 iuratione,
594 1452 735 1510 sententia
759 1450 839 1510 orbis
862 1457 948 1510 terrae
970 1452 1155 1528 imperatoris
1178 1450 1333 1529 expiulsus,
1357 1453 1470 1514 eiectus
1484 1460 1516 1514 et
1532 1453 1714 1515 condemna·

414 1560 476 1621 tus,
499 1554 530 1613 iu
546 1551 668 1612 Galliam
686 1559 780 1621 tuam,
804 1552 886 1630 quasi
902 1570 935 1611 ea
952 1552 1099 1613 latronum
1122 1559 1151 1612 et
1172 1553 1386 1630 parricidarum
1407 1561 1587 1616 nostrorum
1609 1556 1650 1616 sit
1670 1573 1714 1617 re·

347 1637 614 1732 §eaeeptacuur'n
638 1654 777 1732 coniugii.
815 1672 901 1731 qnam
925 1659 956 1713 tu
979 1654 1022 1713 sie
1043 1653 1140 1714 odisse
1161 1662 1261 1734 potes,
1284 1662 1317 1715 ut
1330 1653 1372 1715 illi
1386 1662 1487 1733 patere
1501 1655 1598 1717 velis?
1621 1657 1715 1717 Porro

416 1756 492 1815 cirea
514 1756 557 1815 tui
579 1755 649 1833 quid
672 1756 783 1825 dicent,
812 1756 837 1815 si
864 1753 1027 1815 Germaniae
1055 1755 1250 1833 obprobrium
1277 1755 1464 1817 conciliatum
1488 1757 1548 1818 tibi
1578 1758 1714 1829 viderint.

415 1874 513 1917 norme
535 1874 598 1916 rem
620 1856 681 1916 suis
703 1856 851 1934 indiguam
872 1844 1005 1916 moribus
1027 1855 1200 1917 admissam?
1233 1864 1263 1917 et
1282 1864 1313 1918 te
1334 1859 1534 1930 accusabunt,
1559 1860 1613 1938 qui
1637 1859 1742 1939 quodu

417 1956 572 2018 Germania
595 1957 806 2035 repudiaverit,
835 1957 864 2016 id
886 1958 1070 2035 potissimum
1097 1958 1149 2018 tibi
1176 1957 1335 2037 delegeris,
1366 1959 1396 2019 iu
1419 1978 1454 2020 eo
1476 1978 1565 2038 spem
1587 1960 1716 2023 colloca·

348 2063 406 2115 §.to
420 2060 514 2119 veris‘.l
546 2058 656 2129 Quodsi
678 2077 773 2136 noque
794 2057 884 2119 velles
905 2077 1000 2137 neque
1023 2066 1052 2120 to
1074 2066 1225 2137 oporteret
1248 2061 1332 2120 lamae
1354 2061 1499 2122 rationem
1515 2061 1635 2124 babere
1649 2070 1714 2134 ture,

416 2167 513 2220 umen
541 2159 664 2238 periculi
692 2160 862 2239 magnitudo
892 2160 1044 2221 eonsilium
1073 2168 1188 2221 mutare
1217 2161 1333 2222 debuit:
1370 2179 1439 2222 uam
1464 2169 1497 2223 ut
1525 2161 1715 2225 validissimis

414 2261 508 2345 copiis
529 2262 565 2323 ad
589 2280 706 2322 ornnem
728 2280 787 2322 nou
811 2263 1013 2322 necessitatem
1035 2269 1164 2332 tantum,
1196 2262 1246 2324 sed
1270 2253 1577 2340 splendorem‘etiam
1606 2266 1714 2327 instro

417 2371 482 2424 etus
503 2365 559 2434 sia,
588 2383 603 2423 a
627 2382 674 2424 me
696 2371 794 2424 tamen
815 2364 944 2424 monitus
966 2383 1032 2425 csso
1054 2364 1144 2425 debes
1167 2371 1196 2425 et
1223 2371 1339 2425 nostras
1361 2364 1447 2425 uobis
1469 2382 1536 2427 esse
1558 2368 1654 2438 vires,
1681 2382 1741 2429 acu

417 2464 533 2525 interim
557 2466 685 2543 cogitare
708 2466 915 2526 conscientiam
937 2466 1082 2544 aequitatis
1102 2469 1232 2526 animare
1249 2484 1300 2526 eos
1315 2468 1365 2545 qui
1379 2467 1456 2528 iusta
1469 2473 1604 2537 tuentur,
1628 2475 1714 2547 teque

418 2567 516 2654 iuvare
539 2585 605 2627 eum
629 2568 678 2644 qui
701 2574 791 2626 totam
814 2567 934 2628 turbare
950 2568 1138 2627 Germaniam
1161 2569 1311 2646 ingressus
1334 2574 1391 2638 est3
1425 2568 1557 2646 dumque
1579 2568 1611 2628 id
1635 2569 1713 2644 lacis,

418 2667 521 2726 intesta
551 2668 619 2727 lruic
646 2670 748 2745 patriae
775 2669 871 2729 moliri
899 2674 928 2729 et
955 2687 1112 2729 commune
1139 2668 1187 2728 lrio
1213 2668 1313 2729 odium
1335 2670 1503 2738 incurrere;
1539 2669 1593 2730 tibi
1616 2677 1713 2732 autem

419 2768 443 2826 si
466 2767 536 2828 velis
558 2770 673 2846 assequi
696 2769 724 2828 id
747 2771 824 2848 qrrod
848 2770 897 2831 diu
913 2771 970 2832 iam
987 2770 1117 2838 conaris,
1141 2786 1216 2847 opus
1231 2788 1295 2831 esse
1310 2771 1436 2831 amicitia
1451 2770 1619 2840 bonorum,
1641 2789 1715 2850 opus

420 2867 497 2929 laona
512 2868 590 2946 apud
605 2868 724 2948 vulgum
739 2873 890 2949 opiniono;
925 2889 1043 2932 causam
1066 2872 1123 2931 boe
1146 2870 1267 2931 consilio
1290 2879 1371 2932 tuam
1393 2872 1524 2951 peiorem
1547 2873 1631 2943 lieri,
1645 2891 1743 2934 mea

351 2976 408 3027 tlt·
419 2969 522 3030 liorem
545 2970 624 3030 baud
646 2989 741 3048 prosse.
787 2973 897 3034 llciude
918 2972 995 3034 illius
1020 2979 1168 3032 memento
1189 2974 1296 3033 ueteris
1323 2972 1445 3051 adagii,.
1465 2991 1534 3034 cum
1556 2973 1714 3036 Germanis

419 3073 610 3153 pugnandum
634 3076 660 3133 ei
682 3076 732 3153 qui
754 3076 829 3136 male
852 3092 985 3155 pugnare
1007 3073 1091 3134 velit:
1124 3094 1192 3135 uam
1215 3076 1335 3135 omnino
1358 3074 1551 3153 pugnandum
1578 3081 1626 3136 est
1652 3074 1714 3145 tibi.

419 3176 443 3234 si
471 3174 548 3234 lrauc
576 3193 695 3235 causam
722 3177 841 3254 probas.
893 3177 945 3236 scd
973 3192 1029 3252 ego
1057 3194 1116 3235 nou
1147 3177 1257 3236 idcireo
1286 3176 1512 3256 proverbiorum
1540 3183 1568 3236 te
1597 3195 1715 3246 moneo,

420 3276 499 3354 quod
527 3277 565 3336 ita
593 3277 662 3336 milri
690 3277 804 3355 plac-eat
831 3279 1002 3348 Germania,
1038 3283 1070 3337 ut
1097 3278 1313 3337 invictissimam
1347 3297 1412 3338 eam
1440 3276 1590 3355 appellare
1619 3276 1715 3346 velim,

419 3377 469 3436 sed
493 3379 560 3455 quia
582 3359 729 3439 ucruinour
753 3381 876 3455 cognovi
897 3380 992 3438 lautam
1015 3398 1030 3437 a
1054 3380 1208 3439 Germanis
1223 3395 1353 3456 unquam
1368 3378 1519 3438 victoriam
1535 3385 1714 3455 reportasse.
1723 3403 1747 3443 u

352 3477 465 3543 §.aa'lu
493 3478 580 3555 igitur
607 3481 631 3538 si
660 3480 707 3539 lrie
734 3498 858 3558 maguus
885 3498 948 3539 esse
976 3481 1074 3556 cupis,
1104 3479 1133 3538 id
1162 3480 1287 3540 amicitia
1316 3478 1495 3556 optimorum
1518 3479 1643 3548 efficies;
1672 3482 1718 3540 siu

422 3598 488 3639 eum
512 3581 561 3657 qui
583 3581 700 3657 publico
724 3582 781 3641 iaru
803 3580 923 3641 consilia
947 3581 1076 3650 eiicitur,
1105 3580 1219 3658 capitali
1247 3581 1389 3640 sententia
1421 3580 1635 3642 condemnatus
1664 3587 1718 3651 est,

421 3681 574 3758 sullragari
601 3682 780 3752 obitualis,
810 3682 955 3743 desertam
978 3700 1080 3759 opem,
1111 3689 1189 3742 certa
1212 3680 1358 3759 pericula,
1388 3688 1501 3742 certum
1523 3682 1627 3743 odium
1648 3700 1720 3761 pro·

351 3786 412 3838 §.aa
422 3783 515 3859 posita
544 3783 643 3843 habos.
688 3783 757 3844 llaec
785 3786 895 3861 optimo
921 3784 1034 3851 auimo,
1064 3783 1174 3859 optimo
1203 3782 1323 3843 oonsilio
1350 3801 1470 3843 moneo:
1508 3800 1586 3860 saepe
1613 3783 1721 3862 ingens

421 3883 529 3944 malum
552 3884 701 3943 admonitu
724 3894 903 3962 proventum
927 3891 985 3954 est,
1015 3903 1101 3945 neruo
1124 3892 1191 3961 post
1212 3885 1321 3945 lactum
1343 3893 1423 3945 recte
1445 3882 1602 3944 consuluit.
1649 3883 1752 3951 Valeat

422 3991 450 4043 et
472 3984 572 4044 Galliae
594 3993 650 4045 tuae
673 3988 800 4063 optimus
822 4006 889 4054 rex,
918 3993 951 4046 ut
973 3987 1098 4063 coepisti,
1122 3986 1283 4047 diutissime
1305 3994 1454 4064 superstes
1476 3988 1546 4046 vive.
1591 3986 1627 4047 lu
1649 4005 1721 4067 pro·

422 4085 527 4144 cinctu.
572 4085 615 4145 Ex
638 4086 828 4164 Roteuburgo
851 4088 887 4147 ad
910 4087 1067 4147 lluboranr.
1090 4087 1125 4146 ll.
1150 4081 1248 4149 Galeri.
1273 4088 1376 4148 lilartii.

422 4254 624 4263 .—-...

489 4368 500 4402 ¹
518 4370 592 4437 hinc]
611 4372 684 4422 huuc
698 4377 721 4422 1.
799 4372 817 4404 ¹¹
838 4374 865 4422 iu
885 4370 1046 4437 coceii]
1066 4377 1263 4426 errreadatioaeru
1275 4376 1312 4424 ΙΙ.
1326 4390 1354 4424 se
1372 4377 1456 4439 legere
1474 4390 1523 4423 nrlu
1540 4391 1619 4439 posse
1639 4378 1721 4429 uduo·

420 4459 521 4506 turriti.
557 4455 577 4489 ²¹
597 4459 701 4509 veteris
720 4464 855 4507 memento
870 4462 929 4509 Η.
969 4456 990 4489 ²¹
1009 4457 1162 4525 appellare]
1181 4461 1404 4509 nunciarem.
1446 4457 1468 4491 ²⁸
1485 4460 1722 4523 optimatum1.2.

422 4544 585 4608 optimorum
600 4545 635 4593 ll.
651 4546 676 4593 3.
730 4542 753 4575 ”
771 4545 931 4593 Μ.Ι).ΧΙΧ.
945 4546 1006 4593 add.
1020 4548 1045 4592 2.
1056 4546 1080 4591 3.
