4067 6209
435 743 510 820 204
580 758 637 813 XC.
657 776 779 812 narraui
792 775 830 812 so
842 775 955 815 essese.
969 778 1012 815 ar.
1027 778 1099 815 virae
1114 779 1171 816 sva
1184 780 1246 816 aar.
1262 780 1343 816 naon.
1358 781 1383 815 o.
1398 773 1431 818 25.
1444 783 1504 818 oca.
1521 774 1577 818 1513.

435 934 544 1015 aliquid
567 940 713 1014 prestem,
737 942 810 995 tam
839 950 910 992 rere
939 931 1016 995 dicet
1043 935 1166 1015 quisque
1196 954 1298 996 eoram
1333 938 1383 1016 qai
1411 939 1453 998 sic
1479 957 1544 999 rem
1575 940 1728 1008 aestinrant,

435 1046 486 1099 eat
508 1057 611 1099 eornm
634 1046 714 1097 certe
741 1037 790 1117 qni
813 1054 872 1095 noa
902 1036 1029 1097 obscure
1059 1037 1238 1115 intelligant,
1273 1037 1377 1118 aliquis
1405 1041 1495 1110 diret,
1528 1048 1579 1101 aut
1608 1040 1730 1121 quilibet

436 1141 540 1206 etiam,
565 1140 649 1211 ‘Orrid
671 1158 744 1216 ergo
762 1140 836 1199 tanti
857 1145 901 1197 est
923 1139 1003 1199 bunc
1025 1142 1080 1201 isto
1100 1139 1217 1208 labore,
1241 1140 1296 1200 bac
1318 1141 1464 1219 impensa,
1493 1143 1550 1203 bac
1574 1142 1728 1222 dispendio

435 1243 498 1303 baec
514 1240 682 1301 didicissel'
707 1248 794 1320 atque
815 1243 853 1301 ita
873 1247 939 1319 post
955 1244 1098 1309 sentient,
1117 1260 1168 1302 saa
1187 1245 1292 1321 partim
1308 1245 1458 1322 opinione,
1479 1247 1585 1324 partim
1604 1244 1728 1305 aliorum

434 1361 593 1423 persuasa,
620 1362 657 1404 es
676 1343 828 1403 literarum
851 1342 947 1402 studio
969 1345 1033 1403 fieri
1055 1343 1188 1403 bomines
1210 1346 1324 1420 pigros,
1354 1346 1483 1415 desideS,
1507 1348 1641 1423 ignavos,
1666 1359 1751 1407 ees-⁵

434 1433 561 1514 calores,
583 1445 686 1504 molles
707 1453 736 1505 et
758 1446 893 1523 supinos;
918 1451 946 1504 et
968 1447 1075 1506 iccirco
1097 1452 1271 1525 tanquarna
1293 1465 1326 1506 re
1347 1449 1455 1507 nostris
1473 1448 1649 1517 rnaiaribus,
1674 1448 1730 1509 hac

433 1547 599 1616 nobilitate,
622 1548 668 1607 bis
688 1547 865 1624 imaginibus
886 1547 968 1607 valde
990 1549 1121 1622 indigna,
1145 1546 1255 1606 liberos
1270 1566 1339 1607 suos
1355 1550 1590 1611 dehortabantur
1609 1570 1643 1611 ac
1662 1550 1729 1610 abs·

433 1650 568 1718 trahent,
602 1657 754 1729 putantes,
788 1649 846 1709 boc
873 1651 928 1709 nisi
957 1649 1077 1717 laeiaat,
1109 1649 1175 1709 illos
1200 1651 1242 1709 sic
1271 1651 1418 1710 institutos
1446 1670 1564 1713 onmem
1593 1670 1727 1721 saorarn,

435 1769 552 1812 omnem
574 1752 694 1812 bomani
717 1753 835 1828 generis
859 1770 961 1811 earam
987 1753 1172 1819 dimissuros,
1210 1769 1244 1810 ac
1274 1745 1386 1812 naflbm
1415 1754 1443 1812 in
1471 1773 1556 1814 usiam
1587 1756 1726 1814 victuros.

365 1853 377 1904 l
390 1854 497 1927 ⁵¹·Qaa
520 1854 557 1914 de
580 1872 667 1914 eausa
690 1854 812 1933 obsequi
835 1855 872 1914 ad
895 1860 1010 1933 tempas
1037 1853 1189 1914 bominum
1216 1853 1357 1913 volantati
1385 1862 1498 1914 certam
1525 1864 1583 1924 est,
1615 1864 1643 1916 et
1670 1856 1727 1917 boc
1741 1875 1764 1915 ra

433 1956 531 2017 lacere
555 1957 633 2035 quod
653 1956 692 2017 illi
711 1962 881 2035 expectant,
907 1960 1050 2034 quantam
1065 1954 1161 2015 valea:
1185 1974 1272 2035 spero
1292 1963 1390 2016 autem
1407 1956 1553 2017 laetarum
1571 1976 1631 2016 non
1652 1976 1725 2036 pace

432 2059 529 2120 solum
551 2059 717 2127 literarum,
751 2059 804 2119 sed
826 2065 856 2117 et
878 2058 1048 2125 commodo,
1082 2056 1160 2116 salva
1187 2064 1237 2117 ent
1263 2059 1351 2139 etiam
1379 2066 1463 2119 ariete
1488 2060 1627 2135 dignitate
1651 2077 1726 2119 mea.

432 2179 524 2241 porro
547 2162 671 2221 servitos
691 2160 738 2220 illa
761 2168 793 2220 at
816 2161 937 2219 boaesta
962 2170 1063 2219 astae
1085 2159 1228 2227 liberalis,
1262 2162 1300 2220 ita
1332 2178 1347 2218 a
1377 2180 1424 2219 me
1453 2163 1629 2239 proponitur
1652 2168 1727 2221 tem·

432 2266 565 2343 pararis,
598 2281 657 2323 aon
679 2270 838 2342 perpetaa;
872 2261 977 2321 deinde
1006 2261 1136 2321 horrores
1157 2261 1228 2321 mibi
1257 2269 1286 2321 et
1315 2262 1351 2320 ad
1374 2260 1501 2340 aliquem
1524 2261 1726 2323 sublimiorem

432 2366 635 2445 splendorem,
664 2365 798 2425 altiorem
821 2370 928 2423 statum
950 2364 1171 2441 provectionem
1193 2362 1356 2440 pollicetar.
1402 2364 1463 2424 Nee
1485 2371 1518 2423 ta
1537 2365 1627 2440 igitar
1652 2363 1725 2424 stul·
1739 2382 1760 2421 u

431 2475 494 2528 tum
518 2487 565 2527 me
587 2474 671 2547 pata,
694 2469 718 2527 si
740 2468 776 2526 ad
798 2467 927 2526 bonores
949 2466 1083 2543 adspira,
1112 2470 1162 2525 aal
1190 2465 1352 2543 perditum,
1382 2468 1459 2526 inter
1482 2464 1593 2525 aulicos
1615 2466 1725 2526 turnul-

431 2576 480 2629 tus
503 2569 651 2644 diguitatis
671 2587 744 2628 meae
766 2570 980 2628 incrementum
1004 2568 1027 2626 si
1049 2566 1191 2635 ambizam
1226 2567 1278 2626 sed
1307 2572 1475 2645 temporum
1500 2568 1598 2645 potius
1624 2567 1726 2626 eondi-

431 2672 542 2730 tionem
571 2677 599 2730 et
629 2687 816 2729 commanem
843 2669 994 2728 bominum
1026 2685 1160 2736 sensnm,
1194 2675 1244 2728 aut
1271 2668 1328 2728 boe
1353 2670 1465 2746 polias,
1501 2669 1578 2747 qaod
1607 2687 1726 2748 semper

363 2770 536 2831 2⁵⁹·omues
550 2789 584 2832 ac
601 2772 727 2831 maxime
745 2770 923 2831 clarissimas
945 2770 1068 2848 quisque
1087 2769 1269 2835 factitarunt,
1294 2769 1455 2830 considera.
1499 2769 1575 2830 Tum
1594 2771 1619 2830 si
1639 2770 1726 2830 aliam

364 2918 366 2921 -
430 2880 463 2935 ta
486 2880 515 2933 et
537 2873 767 2933 commodiorem
790 2874 876 2932 vitam
897 2873 989 2940 nosti,
1018 2872 1193 2949 proscribo,
1228 2871 1333 2939 edoce,
1366 2872 1479 2940 indica,
1514 2871 1586 2932 velle
1608 2891 1722 2941 aurem,
1736 2883 1761 2923 ²⁰

430 2992 521 3035 mana
541 2975 599 3035 dac
617 2975 655 3034 ad
678 2974 759 3034 illam
781 2973 878 3033 tarbis
898 2974 1082 3034 inaccessum
1105 2973 1212 3033 locam.
1258 2973 1328 3032 mibi
1353 2974 1487 3052 quidem,
1508 2975 1554 3033 cai
1575 2974 1723 3052 quoddam

431 3076 537 3136 diaraa
559 3075 607 3135 illa
629 3076 827 3154 peregrinatio
850 3076 988 3136 iudicium
1011 3075 1105 3144 dedit,
1130 3077 1241 3135 erroris
1262 3075 1386 3135 nrultam
1409 3077 1549 3144 excussit,
1580 3075 1676 3136 turbis
1697 3083 1725 3136 et

430 3177 694 3256 inquietudinibus,
728 3183 791 3238 tam
814 3178 931 3237 miseria
953 3183 1142 3275 quoque'et„
1158 3194 1245 3235 iamne
1273 3194 1366 3253 genus
1392 3177 1542 3253 tragaediis
1571 3178 1661 3236 arista
1690 3195 1725 3237 ac

430 3278 540 3340 relerta
568 3282 666 3339 omina
689 3280 833 3339 ridentur.
870 3286 899 3337 et
920 3297 979 3357 qao
1000 3297 1048 3339 me
1073 3296 1189 3356 cunque
1213 3284 1340 3345 rertarn,
1369 3276 1440 3336 nibil
1462 3295 1616 3347 securam,
1642 3286 1723 3338 tran-

429 3380 552 3459 quillam
572 3381 643 3441 nillil
664 3381 748 3440 vieleo
764 3382 963 3459 propositam:
985 3387 1054 3440 sunt
1069 3379 1179 3447 officia,
1203 3386 1271 3438 sunt
1287 3379 1442 3447 clientelae,
1463 3387 1532 3439 sinat
1551 3378 1630 3449 lora,
1655 3388 1757 3441 sorita

429 3491 606 3551 contentae,
642 3490 710 3543 sunt
737 3481 893 3561 obsequia,
927 3490 996 3542 sunt
1024 3500 1118 3549 eirrar,
1151 3488 1219 3540 sunt
1249 3487 1360 3549 motus,
1394 3488 1463 3540 srmt
1488 3481 1621 3548 labores,
1655 3488 1724 3543 stant

431 3584 562 3653 lastidia;
585 3592 648 3644 tmn
671 3602 757 3644 casas
781 3591 810 3642 et
829 3585 960 3663 undique
981 3585 1137 3643 imminens
1159 3581 1284 3642 laminae
1304 3583 1409 3642 iniuria
1433 3602 1467 3642 ae
1489 3582 1585 3643 morbi
1614 3590 1643 3643 et
1671 3584 1723 3644 do·

361 3688 421 3738 ¹⁵³·
431 3686 519 3747 lares
564 3706 619 3746 nec
636 3692 751 3745 tantum
774 3685 840 3745 aula
862 3688 923 3745 istis
945 3691 1052 3752 scatet,
1079 3703 1144 3762 (qaae
1170 3701 1225 3760 ego
1250 3686 1278 3744 in
1302 3681 1348 3742 illa
1376 3683 1494 3762 depinxi
1519 3686 1722 3760 navigatione;
1794 3759 1807 3782 ·

428 3786 480 3847 nbi
498 3789 570 3849 mibi
596 3790 690 3848 oratio
713 3787 842 3848 arbitror
863 3785 970 3854 deluit,
994 3804 1042 3845 res
1062 3788 1128 3844 non*
1144 3786 1251 3846 deluit:
1277 3792 1304 3845 el
1320 3785 1416 3845 adlmc
1434 3786 1576 3846 disertam
1595 3787 1722 3867 aliquem

429 3906 462 3948 ea
485 3889 633 3951 desiderat
657 3889 771 3956 labala,
795 3884 851 3967 qai'
866 3888 981 3968 plenius
1004 3889 1101 3949 omnia
1123 3894 1250 3967 exponat
1273 3895 1303 3947 et
1320 3886 1444 3946 tortasse
1467 3906 1529 3946 rem
1554 3890 1603 3965 qai
1625 3889 1758 3949 verbis·lt

429 3997 534 4067 aeqnet.
580 3998 609 4051 et
632 3992 702 4051 mibi
723 3993 765 4051 sic
787 3991 915 4059 ridetur,
940 3990 1010 4049 nibil
1033 4007 1157 4068 usquam
1180 4007 1239 4048 non
1261 4008 1343 4067 aeque
1363 4008 1398 4048 ac
1417 3988 1464 4049 illa
1484 3996 1528 4048 est
1548 3989 1631 4058 aula,
1658 3998 1721 4051 tur·

360 4074 592 4151 §.a-buleutam.
636 4091 746 4152 Tamen
769 4094 793 4151 si
815 4092 884 4169 qra'il
906 4091 997 4150 babes
1022 4090 1221 4168 exploratam,
1250 4108 1349 4170 quaeso
1371 4090 1480 4168 prode,
1502 4099 1720 4165 porrrmorrstra,

427 4211 465 4254 ae
492 4200 607 4252 tantam
636 4194 721 4253 istinc
748 4192 915 4261 abstrahas,
950 4211 1008 4252 aon
1039 4191 1136 4271 aliquo
1162 4192 1278 4252 trabas:
1312 4192 1347 4251 de
1379 4199 1431 4251 tao
1464 4191 1584 4252 coasilia
1615 4192 1720 4253 faciam

495 4412 562 4463 1ῑῖιο
576 4414 796 4479 A.eqq.eorr.H.
806 4418 863 4462 tum
897 4414 1086 4464 sicomie.5.6.
1134 4411 1603 4479 mopsuestena,concernat
1650 4411 1672 4444 ¹⁰
1684 4413 1720 4463 ad

427 4496 545 4564 tempas]
564 4500 656 4549 addidi
672 4497 707 4549 ἐκ
724 4500 760 4548 ΙΙ.
780 4500 945 4548 adriotatioue
965 4499 1000 4547 ad
1023 4504 1128 4548 ten...
1153 4501 1299 4548 eddonis.
1370 4494 1388 4527 ¹¹
1409 4503 1541 4561 qnantum
1559 4494 1596 4560 m]
1620 4498 1719 4547 adalidt'.

426 4585 464 4634 H.
490 4584 569 4634 aerbo
587 4601 645 4650 quae
667 4586 726 4633 edd.
750 4584 843 4633 babent
866 4587 916 4632 aut
939 4598 991 4648 ego
1017 4598 1127 4647 possam
1153 4584 1254 4632 r'ndam't
1280 4588 1305 4631 et
1332 4583 1470 4646 adscripsit
1497 4583 1599 4646 qnbtnn
1601 4616 1718 4631 .......

427 4667 448 4701 ¹⁴
464 4675 561 4735 pptaa.
580 4670 689 4719 Deinde
702 4671 736 4718 Α.
749 4671 798 4718 sed
808 4670 845 4717 H.
860 4683 946 4717 eom:
964 4667 1083 4729 ‚deinde
1136 4665 1157 4698 ¹⁸
1176 4672 1204 4716 et
1216 4668 1301 4715 adem
1315 4666 1352 4714 H.
1364 4682 1414 4729 pro
1428 4681 1461 4715 oe
1474 4667 1566 4731 potius
1584 4664 1645 4725 hoe,
1660 4668 1684 4714 5.
1694 4669 1718 4715 ὃ.

426 4752 603 4819 ”perscribe
615 4757 688 4803 amb.
736 4752 931 4803 ”iudicumd
978 4749 999 4781 ²⁸
1011 4752 1071 4799 Nee
1084 4747 1114 4815 t]
1127 4750 1233 4800 Nedum
1246 4750 1449 4800 edd.H.deleoit
1461 4756 1487 4799 et
1498 4752 1577 4800 adeer
1578 4786 1678 4800 ......
1690 4753 1719 4799 tir

426 4838 618 4905 navigatione]
639 4840 675 4889 cl.
690 4837 776 4887 onlici
788 4838 873 4886 maris
885 4830 1100 4899 descriptionem
1118 4835 1147 4884 in
1160 4836 1220 4899 ipso
1232 4834 1355 4899 dialogo,
1377 4836 1423 4898 qai
1435 4834 1500 4885 huie
1513 4834 1639 4899 epistolas
1652 4836 1719 4885 scri-

424 4922 811 4974 bendaeoceseionemdedit.
857 4919 878 4952 ³¹
893 4918 922 4973 Χ.
935 4919 1002 4968 mibi
1016 4921 1050 4969 A.
1063 4935 1113 4983 pre
1126 4935 1174 4984 quo
1187 4916 1217 4968 .s.
1230 4920 1466 4982 lI.adseripsit..t
1501 4920 1571 4969 Edd.
1585 4919 1639 4968 Sed
1674 4920 1719 4968 In·

425 5011 468 5055 ter
479 5022 513 5056 se
531 5013 556 5056 et
575 5006 625 5056 ille
637 5009 675 5057 H.
694 5010 793 5057 ductam
810 5007 928 5069 scripsit,
947 5005 996 5054 sed
1012 5006 1081 5070 qrrud
1097 5006 1206 5068 marpeni
1222 5006 1411 5067 aebertpeerat,
1431 5004 1567 5054 abscissum
1585 5010 1637 5060 est,
1653 5005 1719 5067 sort.

426 5097 484 5155 atq,
503 5090 562 5155 (pro
580 5093 656 5142 uetito
674 5095 723 5141 isto
742 5088 789 5155 ee)
854 5087 876 5120 ³²
894 5086 1039 5138 eomeltra.
1057 5088 1099 5137 Ne
1117 5083 1156 5137 tria
1166 5089 1201 5138 Α.
1221 5089 1256 5137 H.
1276 5103 1345 5139 cerr.
1365 5102 1420 5150 ,ne
1490 5087 1512 5119 ³³
1530 5087 1635 5138 isthinc
1646 5090 1719 5140 4...6.
