4067 6209
479 788 535 838 XC.
557 805 679 839 nvrrsur
693 804 729 840 nn
742 805 855 840 rrocnu.
869 805 912 839 nr.
927 804 999 839 rrrn
1014 804 1073 839 era
1086 803 1148 839 atr.
1163 804 1245 839 arno.
1261 804 1286 839 o.
1298 797 1331 839 tt.
1343 804 1403 839 ocr.
1418 796 1475 841 rus.
1546 774 1620 847 2l5

325 961 382 1020 sari
407 978 423 1018 a
442 958 583 1019 consiliis:
607 978 675 1020 nam
694 960 718 1020 is
731 961 831 1020 hieme'
847 962 978 1037 proxima
994 959 1116 1020 Caesaris
1139 960 1175 1019 ad
1189 959 1357 1020 lloscorum
1376 962 1541 1039 principem
1555 980 1621 1023 orae

326 1071 372 1122 tor
394 1062 464 1130 luit,
496 1070 523 1120 et
549 1079 686 1139 magnam
711 1062 835 1140 Scythiae
862 1061 1077 1139 illius-partem
1106 1064 1271 1141 peragravit
1299 1081 1333 1121 ac
1357 1065 1386 1122 in
1408 1065 1501 1140 ipsam
1525 1083 1620 1144 usque

326 1166 421 1224 Asiam
443 1164 631 1223 barbaricum
653 1171 828 1241 pervagatus
851 1170 903 1223 est.
948 1165 975 1223 ls
994 1184 1042 1223 me
1065 1172 1135 1224 tunc
1157 1165 1265 1231 docuit,
1290 1166 1369 1242 quod
1392 1172 1459 1225 ante
1475 1167 1687 1226 comicie-§.¹1⁰-

327 1265 393 1324 bam
415 1272 543 1334 tantum,
567 1283 625 1324 non
649 1266 832 1325 allirmaham
855 1266 956 1335 ctiaiu,
980 1286 1067 1344 quem
1093 1266 1214 1325 Volham
1237 1265 1341 1335 llosc-i,
1367 1268 1445 1345 apud
1467 1285 1541 1345 quos
1561 1269 1619 1327 ori·

303 1376 390 1434 atur,
415 1373 532 1436 vorant,
560 1388 627 1428 eum
646 1386 709 1427 esse
729 1370 778 1445 qui
798 1368 875 1445 apud
894 1365 1076 1428 Ptolomeum
1098 1368 1162 1428 ltha
1185 1367 1304 1444 legitur3
1332 1368 1383 1427 sed
1403 1376 1536 1429 autorem
1552 1370 1619 1429 Sar·

327 1471 438 1528 inance
459 1469 690 1547 cosmographiae
718 1471 747 1529 iu
774 1471 830 1529 hoc
853 1468 982 1547 lapsum,
1012 1471 1090 1548 quod
1113 1488 1173 1529 non
1196 1472 1225 1530 in
1248 1469 1409 1539 Euxinum,
1442 1471 1543 1531 sedin
1567 1469 1619 1530 Ca·

326 1572 420 1647 spium
444 1569 564 1647 pelagus
585 1571 717 1630 defert-ur
732 1572 811 1639 ltha,
833 1589 923 1649 seque
937 1572 1027 1632 lludae
1046 1572 1123 1649 apud
1140 1571 1274 1648 ngaros
1295 1572 1324 1642 iq
1346 1570 1523 1632 bibliotheca
1548 1572 1619 1632 llat-

326 1673 392 1732 thiae
415 1672 491 1749 regis
511 1672 613 1732 Graece
635 1691 669 1731 ac
690 1676 810 1733 vetustis
831 1673 988 1732 admodum
1017 1673 1237 1734 characteribus
1259 1675 1454 1751 conscriptam
1477 1672 1621 1733 Ptolomei

325 1774 542 1851 (imgraphiaur
559 1774 679 1841 cidisse,
701 1776 730 1833 in
749 1794 805 1855 qua
826 1793 883 1834 non
902 1763 958 1852 ῥὰ,
980 1783 1011 1835 ιιι
1034 1777 1179 1854 interpres
1198 1777 1295 1843 vortit,
1319 1776 1371 1835 sed
1394 1764 1454 1853 ῥᾶς
1472 1763 1619 1855 πὸταμός

292 1875 447 1953 ¹⁰legatnr.
490 1875 570 1935 ldem
593 1876 789 1953 Segimundus
820 1879 901 1937 mire
925 1879 953 1937 in
983 1877 1060 1937 illius
1081 1878 1222 1936 Sarmatae
1242 1875 1340 1936 libello
1363 1878 1406 1937 rei
1428 1878 1515 1937 fidem
1538 1878 1685 1937 mihil-¹¹¹·

325 1979 405 2044 lecit,
433 1984 460 2035 et
483 1978 561 2036 iuxta
584 1981 746 2055 persuasit,
778 1997 837 2037 nou
861 1998 924 2038 esse
947 1979 1100 2058 llypheos‚
1136 1997 1195 2038 non
1219 1996 1282 2039 esse
1305 1978 1512 2057 Hyperboreos
1534 1997 1617 2039 mon·

324 2086 376 2138 tes.
414 2076 498 2147 Quod
518 2079 555 2139 ob
579 2080 606 2139 id
627 2079 710 2139 lacile
726 2080 797 2139 mihi
812 2080 931 2148 accidit,
955 2082 1034 2159 quod
1051 2081 1219 2141 lloscorum
1233 2080 1361 2149 ideoma,
1385 2099 1452 2141 cnm
1472 2099 1531 2160 quo
1547 2079 1617 2141 alio·

324 2183 373 2258 qui
398 2183 531 2240 eorii'enit
553 2181 711 2259 plurimum
734 2201 767 2242 ea
795 2182 893 2259 lingua
923 2201 1010 2261 quarn
1034 2182 1140 2261 lllyrici
1163 2189 1190 2242 et
1210 2183 1327 2260 quidam
1350 2184 1380 2241 in
1403 2182 1514 2251 Carnis,
1537 2183 1617 2242 cuias

324 2281 370 2341 ille
387 2288 445 2349 est,
462 2281 637 2361 loquuntur,
659 2282 744 2343 callet
761 2284 969 2360 Sigemuudus,
986 2305 1020 2343 ac
1036 2303 1098 2344 rem
1115 2291 1146 2344 ut
1162 2284 1289 2344 studiose
1309 2285 1492 2363 perquisivit,
1508 2286 1546 2343 itu
1562 2281 1616 2343 lin·

290 2396 314 2435 ¹⁵
324 2401 389 2461 guae
402 2386 579 2444 commercio
591 2386 682 2444 tretus
694 2386 806 2445 discere
821 2386 904 2445 lacilc
915 2388 1024 2463 potuit,
1042 2394 1069 2447 et
1089 2385 1148 2445 lalli
1163 2385 1319 2446 difficulter
1334 2387 1437 2462 potuit,
1453 2387 1614 2462 pracsertim

323 2486 430 2546 multos
453 2486 572 2545 dirersis
595 2489 624 2547 in
646 2486 718 2547 locis
740 2506 807 2547 cum
828 2506 918 2564 super
936 2488 995 2547 hac
1019 2507 1052 2547 re
1075 2490 1211 2567 quaesitos
1233 2486 1355 2548 haberet
1377 2505 1412 2547 ac
1434 2486 1528 2547 nullas
1550 2487 1614 2564 plu·

324 2590 466 2647 rimorum
497 2589 574 2647 inter
606 2607 637 2648 se
661 2588 780 2648 collatas
802 2589 969 2667 discrepare
992 2591 1190 2650 consessiones
1214 2592 1365 2650 inveniret.
1411 2588 1476 2659 Quo
1497 2588 1683 2651 accedetur.

323 2689 408 2758 illud,
428 2690 507 2766 quod
529 2709 596 2749 curn
619 2692 681 2765 ipse
703 2690 809 2749 Tanais
829 2693 924 2751 tornes
947 2694 1125 2760 circuirent,
1149 2710 1184 2752 ac
1207 2693 1243 2751 ad
1261 2690 1382 2752 Volham
1398 2693 1494 2769 ipsum
1517 2708 1616 2751 accos·

323 2793 408 2859 serit,
438 2789 534 2849 nullos
555 2801 653 2850 tamen
676 2797 790 2851 montes
811 2793 894 2862 vidit,
922 2813 976 2854 nec
999 2796 1028 2853 iu
1051 2794 1213 2855 miliaribus
1239 2796 1318 2869 iuxta
1339 2794 1472 2854 ducentis
1494 2792 1616 2852 Germa-

289 2894 397 2952 romeis
421 2893 645 2952 circumcircum
671 2894 747 2953 iacta
775 2895 960 2972 inquisitione
983 2894 1059 2956 ullos
1082 2914 1145 2955 esse
1172 2895 1293 2964 audivit,
1320 2914 1387 2955 cum
1411 2896 1468 2955 hoo
1489 2893 1614 2964 bloscos,

323 2996 347 3053 si
370 2996 482 3071 uspiam
503 2994 592 3071 aliqui
614 3002 727 3064 essent,
758 2995 849 3054 latero
871 3015 930 3055 non
953 3004 1067 3074 posset,
1102 3005 1134 3057 ut
1156 3000 1205 3076 qui
1227 2997 1365 3057 latissime
1387 2998 1559 3073 divagantur
1581 3014 1616 3056 ac
1663 3032 1668 3041 ·

323 3095 402 3155 brevi
425 3102 557 3174 tempore
579 3098 703 3155 maxima
727 3099 823 3157 statim
846 3099 950 3157 itinera
976 3100 1145 3175 perficiunt,
1178 3106 1207 3158 et
1239 3101 1276 3158 ita
1306 3098 1435 3174 amplum
1458 3099 1494 3156 sit
1516 3096 1615 3157 blosco

322 3200 490 3274 imperium,
519 3202 551 3256 ut
573 3200 730 3258 maximam
755 3201 828 3258 intra
849 3200 905 3259 hoc
927 3199 1043 3260 illorum
1065 3201 1207 3259 montium
1230 3208 1344 3277 partem
1367 3197 1501 3258 concludi
1527 3214 1614 3273 opor·

322 3302 418 3359 tuerit.
461 3298 546 3358 Certe
570 3300 758 3358 iureiurando
781 3301 906 3359 affirmat
931 3304 960 3360 in
982 3305 1061 3379 regia
1084 3301 1189 3369 Mosei,
1219 3299 1381 3361 ubimulta
1406 3306 1556 3376 comperta
1579 3299 1683 3360 intua

288 3402 550 3460 rorornmentarios
573 3400 708 3476 digessit,
742 3420 845 3462 omnes
878 3402 976 3462 dicere
1008 3402 1109 3463 frivola
1143 3421 1206 3463 esse
1230 3409 1258 3462 et
1281 3403 1403 3461 conficta
1426 3419 1491 3480 quae
1514 3399 1559 3459 his
1577 3398 1614 3458 de

323 3485 469 3561 montibus
489 3507 518 3559 et
539 3503 696 3578 opinentur
718 3503 865 3569 homiues,
896 3509 924 3561 et
956 3504 1139 3582 prodiderint
1168 3510 1294 3563 veteres:
1325 3522 1426 3562 omncs
1452 3503 1529 3562 enirn
1551 3499 1615 3560 illas

322 3605 456 3680 regiones
479 3621 542 3662 esse.
564 3602 680 3680 planas,
703 3622 798 3681 neque
812 3622 936 3681 usquam
955 3614 1071 3666 montes
1087 3623 1261 3674 occurrere,
1282 3611 1541 3683 quantumcunque
1557 3601 1614 3661 late

321 3707 349 3763 in
371 3706 601 3781 septentrionem
623 3706 688 3781 quis
716 3707 899 3781 experietur:
933 3709 988 3766 nisi
1022 3725 1095 3786 qrros
1128 3708 1190 3783 ipsc
1224 3725 1340 3785 quoquo
1369 3707 1454 3774 vidit,
1487 3700 1612 3763 humiles

321 3807 462 3885 quosdam
485 3805 634 3865 colliculos
656 3808 685 3864 in
707 3810 849 3867 montium
872 3826 997 3868 nurnero
1022 3827 1132 3887 ponere
1161 3810 1226 3886 quis
1257 3808 1332 3867 velit.
1378 3807 1461 3876 Quod
1485 3825 1531 3865 me
1553 3817 1680 3868 au·t.ut.

286 3907 449 3968 redientem
463 3908 617 3966 attonitum
633 3926 726 3985 prope
741 3908 881 3968 reddidit:
902 3929 965 3968 rem
986 3911 1060 3970 adeo
1077 3911 1227 3970 hominurn
1244 3912 1372 3987 opinioni
1388 3911 1520 3975 inlitam,
1540 3906 1614 3967 adeo

321 4008 609 4084 praeclarissimorum
632 4010 761 4068 uirorum
784 4010 874 4071 literis
896 4012 1095 4081 decantatam,
1119 4014 1147 4072 in
1170 4010 1283 4073 labulus
1297 4011 1392 4079 abire,
1417 4013 1445 4070 iu
1460 4027 1562 4088 nugas,
1586 4013 1614 4067 et

321 4108 428 4169 nullam
451 4111 567 4186 penitus
590 4128 669 4179 osse,
692 4116 741 4170 aut
763 4113 786 4170 si
810 4112 912 4180 luerit,
937 4132 1000 4173 esso
1024 4114 1152 4174 desiisse.
1197 4114 1241 4174 Tu
1264 4114 1310 4174 cui
1333 4120 1431 4183 rarat,
1455 4118 1555 4189 utpote
1576 4110 1613 4171 ab

320 4211 386 4270 aula
408 4209 515 4279 libero,
539 4232 555 4272 a
580 4214 708 4290 negociis
730 4213 840 4284 soluto,
864 4232 985 4273 acervos
1007 4214 1151 4276 librorum
1174 4216 1292 4284 inuade,
1316 4222 1344 4275 et
1366 4221 1471 4275 excute
1493 4234 1527 4274 ac
1548 4211 1614 4273 illos

387 4413 511 4477 ¹hyemo
526 4418 551 4465 3.
608 4414 726 4465 ³usiam
740 4416 800 4465 AB.
855 4418 1098 4469 coniiceibaturu.
1150 4417 1286 4469 ¹tuntum
1303 4423 1387 4469 artibs.
1401 4419 1459 4467 cdd.
1473 4417 1561 4466 addid.
1575 4416 1612 4464 H.

315 4500 403 4571 'etiam
423 4500 511 4548 addid.
527 4502 562 4549 H.
616 4498 824 4550 ⁵Ptolomoeum
837 4502 891 4550 A...
945 4502 1177 4554 ⁸Ptolomae13...
1232 4503 1254 4536 ¹⁰
1271 4504 1368 4554 Iterum
1381 4503 1474 4567 Segim
1492 4516 1560 4550 corr.
1575 4499 1611 4548 H.

320 4582 337 4614 ¹¹
357 4583 468 4646 ripheos
480 4585 515 4633 A.
535 4584 615 4648 Ryph
628 4586 663 4633 H.
683 4586 820 4650 Ryphaeos
834 4589 859 4636 1.
924 4587 1103 4651 hiperboreos
1116 4591 1149 4638 A.
1166 4591 1190 4638 3.
1210 4589 1274 4651 Hyp
1286 4589 1323 4636 H.
1382 4583 1403 4617 ¹²
1421 4585 1522 4633 idioma
1537 4586 1612 4633 3...o.

244 4683 248 4687 ⁴
318 4685 353 4717 ac
372 4668 416 4717 cui
430 4669 466 4717 H.
478 4671 542 4731 fecit
555 4684 616 4718 cum
629 4685 683 4734 quo
730 4668 780 4701 ¹2¹³
795 4669 928 4735 ...alioqui
941 4674 1019 4721 odori·
1031 4674 1067 4722 H.
1088 4674 1132 4722 cui
1147 4672 1277 4722 convenit
1288 4672 1347 4720 edd.
1368 4671 1412 4719 cui
1426 4668 1530 4732 alioqui
1549 4682 1612 4717 con-

318 4753 434 4801 venito.
489 4751 509 4784 ¹³
521 4755 613 4803 carnis
624 4755 741 4803 Aaou
751 4755 786 4803 H.
797 4754 899 4804 come
964 4754 1433 4821 ¹¹Sigomundusb.laomorr.H.
1488 4751 1613 4802 ¹¹conante

317 4844 376 4900 post
396 4838 484 4888 fretus
503 4840 596 4888 adierit
611 4840 645 4887 H.
717 4837 738 4870 ¹¹
756 4840 873 4889 haberet
888 4841 952 4901 fecit
965 4841 1001 4889 H.
1014 4856 1064 4904 pro
1082 4840 1225 4899 habuerit,
1249 4844 1274 4887 ct
1291 4840 1378 4902 pardto
1396 4844 1454 4901 post
1473 4836 1613 4886 inveniret

318 4938 367 4985 pro
386 4923 533 4972 inuenerit.
587 4921 607 4993 ¹⁹
627 4923 793 4973 milliaribus
806 4926 879 4973 4...6.
932 4940 1026 4974 conium
1042 4931 1102 4988 post
1120 4923 1295 4973 Germanicis
1313 4924 1399 4973 adcor.
1413 4923 1449 4971 H.
1502 4918 1525 4951 ²⁵
1543 4920 1612 4970 nihil

320 5007 399 5066 sciri,
425 5007 473 5056 sed
492 5014 550 5055 unte
569 5023 662 5056 omnes
680 5010 771 5057 deleuit
785 5009 821 5057 H.
892 5006 914 5039 ²¹
933 5009 1091 5073 expolietur
1103 5008 1137 5057 B.
1162 5008 1325 5073 expotietd.
1352 5007 1610 5071 exspecteturr...o.

322 5092 389 5150 ‚nisi
403 5093 437 5140 A.
450 5093 499 5140 sed
510 5093 547 5140 H.
566 5092 641 5141 ,Nisi
693 5089 716 5122 ¹¹
734 5099 898 5142 contraeunte
912 5094 1072 5143 esseadcrr.
1087 5093 1122 5142 H.
1177 5093 1408 5143 essoomts.r...o.
1456 5094 1610 5143 vocarer.
