4067 6209
399 748 491 802 xxn.
505 763 591 800 nvn.
602 763 641 801 an
652 764 765 801 eruar.
778 764 815 799 ne
827 764 889 800 nir.
902 765 946 800 ιι».
957 756 1017 799 tata.
1042 749 1144 800 XXIII.
1158 763 1278 800 uvrrnnr
1291 763 1328 799 sn
1340 763 1403 800 son.
1417 763 1536 802 nean.
1555 757 1614 800 tots.
1651 737 1699 808 37

398 918 531 999 guntime
542 918 699 980 commodo
709 918 836 982 haberis.
852 919 984 982 Indicant
996 922 1065 981 item
1076 936 1148 997 opes
1160 926 1264 989 tettrae,
1273 919 1438 981 manifestat
1449 918 1546 998 splen·
1561 918 1703 1007 ΙἪἪΡ
1712 925 1767 977 §.aa

397 1022 469 1091 dor,
493 1021 620 1101 dignitas
634 1039 670 1082 ac
684 1022 829 1100 potenda,
852 1040 917 1100 qnae
931 1028 963 1082 tu
986 1022 1083 1082 omnia
1106 1038 1181 1082 onus
1203 1038 1238 1080 ac
1251 1021 1494 1099 impedimentum
1509 1023 1564 1084 ocii
1586 1025 1628 1085 tui
1650 1042 1700 1103 ap·

396 1122 511 1203 pellare
526 1122 605 1184 soles
619 1124 693 1184 mim
710 1132 739 1183 et
753 1124 880 1184 inaudita
895 1123 1046 1184 modestia.
1080 1123 1112 1183 ln
1135 1141 1194 1203 quo
1213 1124 1296 1184 enim·
1310 1125 1420 1185 rectius
1435 1124 1499 1185 lraec
1514 1143 1563 1186 cn·
1585 1122 1701 1209 luam.

396 1224 509 1287 mulata
522 1224 669 1295 ridentur,
691 1243 778 1304 qnam
796 1226 826 1286 in
844 1226 892 1286 te?
913 1220 1026 1310 ἐσθλῷ
1045 1213 1110 1306 γὰρ
1130 1213 1233 1301 ἀνδρί
1252 1212 1278 1285 τ’
1299 1215 1406 1285 ἐσθλὰ
1427 1219 1483 1286 καὶ
1503 1223 1595 1288 dcdot
1608 1220 1699 1302 θεός.

349 1322 353 1328 ’
378 1326 476 1397 ‘Quid
498 1326 595 1409 dicam
617 1345 707 1407 quam
726 1335 756 1388 tc
778 1328 883 1388 invitus
906 1328 1071 1389 deseruerit
1092 1326 1165 1388 alter
1187 1329 1293 1397 lrater,
1317 1345 1404 1407 qnam
1428 1328 1551 1407 cupidus
1573 1325 1767 1412 {lm-§.tt

399 1428 474 1490 alter
495 1427 691 1491 abstraxerit?
711 1428 822 1490 Deinde
844 1448 932 1509 quam
955 1429 1145 1491 memorabile
1167 1430 1289 1492 verbnm
1313 1438 1342 1490 et
1363 1431 1443 1490 omni
1464 1431 1635 1509 posteritate
1657 1432 1700 1493 di·

400 1548 491 1609 gnum
515 1531 658 1592 retorsisti
680 1531 710 1592 in
731 1531 812 1592 illum
830 1530 982 1591 Marcbnm
1002 1532 1145 1611 equitem,
1171 1532 1220 1610 qui
1240 1550 1308 1593 cum
1332 1539 1359 1592 te
1381 1549 1436 1610 pro
1460 1534 1600 1595 concione
1621 1536 1699 1596 inso-

399 1631 507 1693 lentius
529 1631 714 1712 obiurgasset
734 1633 849 1703 diceus,
872 1652 932 1694 non
955 1652 1019 1694 eam
1043 1651 1107 1695 esse
1129 1641 1257 1703 aetatem,
1287 1641 1320 1694 ut
1342 1634 1436 1711 possis
1458 1635 1514 1695 iam
1537 1641 1615 1695 mum
1638 1655 1697 1697 me·

400 1736 536 1805 minisse,
566 1736 743 1813 respondisti
764 1738 810 1801 ‘At
831 1742 878 1805 tu,
902 1754 919 1794 o
941 1753 1045 1805 senex,
1069 1742 1182 1796 tantam
1205 1753 1238 1795 ea
1262 1736 1290 1794 in
1312 1736 1454 1796 anemoria
1483 1734 1698 1823 1¹,2wpgssgffl

368 1836 507 1907 ttbabes,
530 1855 596 1917 quae
617 1838 701 1899 aunis
722 1838 912 1917 quadraginta
935 1847 985 1899 aut
1006 1836 1094 1917 paulo
1116 1836 1250 1915 pluribus
1272 1844 1335 1897 acta
1352 1844 1433 1907 sunt,
1458 1856 1512 1917 ego
1526 1859 1596 1900 vero
1613 1842 1698 1903 etiam

346 1971 351 1985 ·
399 1957 432 1999 ea
454 1940 517 2000 scio
540 1958 604 2019 quae
626 1939 742 2001 dnobus
764 1948 813 2001 ant
835 1941 929 2001 tribus
951 1947 1031 2001 retro
1051 1938 1196 2001 millibns’.
1223 1938 1267 1999 Ibi
1289 1946 1319 2000 te
1342 1939 1488 2018 extemplo
1507 1942 1696 2004 circumstan-

398 2041 471 2102 tium
494 2042 575 2101 lavor
596 2059 632 2103 ac
653 2041 811 2120 applausus
827 2043 955 2120 excepit,
984 2040 1066 2102 illum
1088 2061 1139 2103 sua
1163 2042 1294 2102 conlusio
1317 2042 1441 2120 operuit.
1472 2044 1588 2120 ⁸Laudo
1609 2046 1697 2124 Igitur
1706 2049 1725 2101 t.
1735 2052 1765 2099 ¹⁷.

397 2150 442 2212 te,
465 2142 638 2223 Eptelvolle,
661 2162 696 2204 ac
717 2152 817 2204 nostro
833 2145 928 2204 ordini
943 2142 1089 2222 gratulor,
1113 2145 1162 2224 qtri
1185 2152 1213 2205 te
1236 2152 1315 2204 tanto
1330 2145 1393 2205 viro
1407 2146 1576 2206 rusticitatis
1590 2148 1697 2209 lamam

399 2246 493 2306 eruit:
516 2263 548 2305 es
563 2246 640 2307 enim
656 2245 823 2324 exemplum
838 2245 953 2316 multis,
987 2254 1016 2307 et
1036 2247 1094 2306 iam
1116 2246 1155 2305 ita
1177 2264 1224 2306 me
1244 2247 1390 2316 animasti,
1415 2255 1447 2307 nt
1468 2265 1540 2307 non·
1563 2244 1697 2335 {,¹}{‘,g}‚'ssl‚¹;}

367 2357 391 2398 1⁵
400 2346 471 2408 dum
492 2347 631 2425 paeniteat
653 2365 756 2408 eorum
774 2346 928 2416 laborum,
951 2365 1026 2426 quos
1048 2349 1131 2408 annis
1153 2349 1209 2409 iam
1233 2349 1335 2409 decem
1357 2348 1614 2410 turbulentissimis
1636 2352 1695 2411 lor·

399 2456 477 2509 tunae
499 2449 721 2526 tempestatibus
749 2467 802 2527 per
824 2449 1011 2510 Germaniam
1040 2448 1126 2510 simul
1154 2468 1188 2510 ac
1213 2449 1325 2511 ltaliam
1347 2469 1449 2512 amore
1470 2450 1621 2514 literarum
1644 2472 1693 2514 ex·

401 2550 492 2611 bausi.
524 2557 554 2610 et
574 2551 685 2628 parebo
708 2552 830 2629 posthac
851 2550 977 2613 libenter
999 2552 1057 2612 tois
1079 2552 1208 2622 monitis,
1232 2571 1298 2613 meo
1321 2554 1407 2614 etiam
1430 2552 1575 2632 periculo:
1604 2574 1693 2634 quor·

398 2671 465 2713 sum
487 2653 564 2713 enim
586 2671 645 2715 non
668 2652 827 2714 concedam
850 2654 876 2713 ei
903 2654 953 2732 qui
975 2654 1017 2714 sic
1040 2653 1076 2714 de
1098 2673 1160 2723 me,
1183 2655 1225 2742 sic
1248 2655 1285 2714 de
1307 2655 1392 2715 bonis
1414 2655 1550 2717 omnibus
1571 2659 1694 2718 meritus

399 2756 460 2815 est?
482 2756 541 2817 Sed
563 2764 597 2817 ut
618 2774 716 2816 merim
739 2754 776 2815 dc
797 2755 973 2835 panegyrico
996 2754 1150 2817 consilium
1164 2754 1250 2834 plane
1271 2756 1434 2836 intelligas,
1457 2758 1501 2818 ni·
1523 2755 1762 2842 lfflmffiffiffifflldss·

366 2856 440 2917 nhil
473 2876 601 2937 unquam
636 2858 770 2935 cupidius
801 2858 919 2935 scripsi,
953 2856 1025 2917 nihil
1054 2856 1220 2918 ardentiore
1248 2857 1311 2919 zelo
1338 2861 1503 2937 composui:
1532 2879 1634 2921 verum
1657 2861 1693 2921 ab

400 2957 507 3019 edendi
528 2959 680 3037 proposito
703 2959 907 3019 absterrebant
928 2958 1034 3027 multa,
1065 2966 1160 3020 metus
1181 2961 1211 3018 in
1232 2960 1351 3037 primis,
1373 2977 1411 3020 ne
1433 2977 1492 3020 non
1514 2963 1693 3023 satisfactum

400 3061 469 3120 tanti
492 3061 632 3128 hominis,
655 3062 745 3121 immo
767 3062 838 3121 tanti
856 3061 983 3121 numinis
994 3060 1152 3121 -virtutihus
1165 3060 1313 3121 videretur
1328 3062 1436 3140 ingenii
1458 3063 1515 3121 mci
1537 3065 1692 3141 parvitate;

399 3162 503 3223 deinde
526 3162 650 3223 aliorum
671 3161 850 3241 pericnltun,
873 3181 947 3242 quos
968 3180 1046 3241 saepe
1064 3162 1134 3229 vidi,
1158 3181 1225 3222 cum
1248 3164 1331 3224 lamae
1353 3182 1386 3223 ac
1409 3162 1508 3241 glorian
1530 3165 1691 3234 studerent,

401 3264 429 3323 in
457 3271 657 3342 contemptum
687 3271 716 3324 et
741 3265 888 3325 infamiam
916 3264 1067 3325 deductos.
1097 3265 1157 3343 Age
1179 3283 1264 3334 vero,
1292 3264 1357 3344 lege
1378 3283 1457 3325 nunc
1484 3267 1691 3345 panegyricum
1703 3278 1721 3328 t.
1730 3281 1760 3325 to.

366 3370 390 3410 ²⁸
400 3366 499 3435 inum,
522 3383 610 3444 quem
626 3368 711 3427 toties
725 3368 858 3436 nomino,
882 3366 1039 3428 dolendum
1056 3352 1237 3440 verecundiae
1251 3384 1325 3428 meac
1339 3366 1479 3445 spolium,
1503 3379 1532 3428 ct
1546 3387 1581 3430 co
1596 3369 1693 3428 animo

402 3466 475 3545 lege,
499 3486 558 3547 quo
580 3470 707 3547 scriptus
728 3488 743 3529 a
767 3488 814 3530 me
837 3476 894 3538 est,
917 3486 977 3528 non
999 3487 1058 3548 quo
1081 3468 1189 3539 edituS,
1213 3487 1246 3529 ac
1268 3468 1338 3529 boni
1360 3468 1488 3530 conside.

853 3684 1243 3703 ------—-

1457 3995 1694 4005 .------

969 3908 1117 3982 XXIII.
1469 3934 1500 3974 ra.
1515 3940 1599 3975 nanc.
1614 3934 1674 3975 1515.

1022 4116 1063 4156 EX

874 4212 1038 4274 colluunt
1061 4209 1216 4275 leltdl

369 4334 394 4375 a
735 4332 916 4382 amarent
934 4332 1075 4383 ccccm.
1100 4332 1149 4383 an
1168 4332 1353 4384 noeauru.

483 4474 581 4529 lnvitas
603 4490 644 4528 me
666 4473 698 4527 ad
720 4471 860 4529 literarum
881 4471 1000 4529 osticium
1022 4472 1221 4534 intermissum,
1242 4474 1335 4528 nescio
1361 4491 1412 4546 qua
1434 4474 1572 4531 socordia:
1598 4475 1694 4529 invitat

399 4562 478 4615 etiam
494 4558 619 4614 lllrichus
635 4556 779 4613 lluttcnus.
811 4558 864 4613 Vos
883 4559 937 4613 duo
953 4558 1044 4630 magni
1061 4565 1150 4631 poetae
1165 4557 1202 4613 ita
1217 4574 1260 4613 me
1275 4557 1386 4613 naribus
1403 4558 1524 4617 trahitis.
1546 4566 1590 4620 ut,
1613 4557 1692 4613 velim

648 4740 751 4790 XXIII.
775 4740 894 4789 Matiani
907 4740 976 4804 Epp.
991 4740 1089 4802 (Indic.
1103 4737 1171 4788 bibl.
1186 4738 1223 4787 n⁰.
1231 4736 1285 4798 64.)
1299 4735 1390 4800 paon.
1399 4752 1439 4800 sq.

463 4910 474 4942 ⁴
493 4902 588 4977 laete
600 4928 655 4961 m.
665 4908 699 4975 1.]
713 4911 785 4960 bono
799 4911 870 4959 enlm
883 4910 943 4960 viro
953 4910 1040 4960 etiam
1051 4909 1125 4958 bona
1135 4909 1184 4958 det
1195 4908 1271 4958 deus.
1285 4906 1430 4958 Menandri
1442 4920 1532 4971 gnom.
1542 4905 1597 4956 ltl.
1612 4906 1691 4968 (blei-

397 4996 472 5046 nekii
490 4998 595 5061 l'gmm.
608 5001 716 5062 poetar.
731 4994 846 5044 comoed.
860 5010 921 5044 nov.
935 4993 1027 5044 Berol.
1042 4992 1115 5042 1841.
1128 4990 1164 5041 8⁰.
1179 4991 1272 5058 pam.
1286 4993 1333 5043 ubi
1350 4981 1373 5041 τ’
1385 4990 1542 5055 omittitur.)
1608 4991 1628 5023 ¹²
1646 5008 1691 5045 ex-

397 5067 492 5149 crepit,
508 5084 541 5132 Α.
600 5080 620 5114 ¹³
639 5097 671 5133 eo
690 5082 782 5132 animo
800 5079 858 5148 &cl
878 5081 896 5131 i.
911 5079 1069 5141 elabenti,
1089 5093 1143 5129 non
1161 5079 1258 5129 invito.
