4067 6209
366 774 441 854 284
516 786 624 845 CXXX.
643 799 746 844 russin
760 805 822 844 nor.
835 804 872 844 sn
885 805 968 845 usur.
982 803 1018 844 nn
1032 805 1127 847 rnen
1140 807 1216 848 nono
1229 808 1273 849 rr.
1286 808 1315 850 n.
1327 801 1367 851 2³.
1382 810 1447 854 rvr,-
1465 802 1532 854 tert.

362 966 450 1027 redit.
496 964 642 1040 (tuisquid
660 964 803 1039 diunitute
824 965 917 1036 uolet,
939 965 1082 1039 quicquid
1099 966 1186 1042 apud
1205 953 1424 1045 amplissimum
1445 986 1556 1047 repent
1576 971 1681 1046 natta

296 1072 466 1145 impellet,
494 1069 528 1127 id
551 1084 636 1128 omne
663 1068 804 1126 iuunndoe
831 1067 1020 1141 reipublicae,
1047 1069 1187 1130 iurandis
1208 1073 1312 1131 amicis
1338 1074 1506 1147 impendit.
1551 1073 1679 1151 Semper

362 1171 480 1247 quidem
502 1169 604 1241 adsuit
624 1172 742 1228 animus
762 1170 799 1229 de
819 1171 932 1228 crunctis
953 1169 1025 1228 bene
1048 1173 1184 1231 merendi
1204 1174 1419 1249 cupidissimus
1436 1179 1582 1252 mireque
1599 1193 1677 1253 pro-

362 1291 418 1333 nus
440 1273 484 1330 ud
505 1272 739 1331 misericordium
747 1291 758 1339 ,·
785 1288 851 1330 eum
874 1289 954 1331 nurrc
978 1275 1075 1347 napis
1102 1276 1215 1346 cuerit,
1237 1275 1360 1350 astando
1378 1284 1484 1351 potest
1498 1281 1579 1354 ptus
1594 1295 1674 1354 pro-

362 1377 462 1435 desse:
486 1377 560 1434 ulios
578 1376 709 1449 perun-iu
728 1374 874 1444 subleuat,
901 1376 976 1433 alios
996 1379 1156 1437 autoritate
1177 1383 1290 1450 teretur,
1309 1380 1385 1438 alios
1404 1381 1690 1442 commendationes

359 1478 511 1553 prebebit·
542 1493 615 1550 arcos
636 1479 750 1550 alioqui
769 1479 874 1535 intrare
900 1493 958 1535 non
982 1483 1093 1551 potest,
1121 1478 1168 1536 bis
1192 1481 1315 1538 consilio
1342 1484 1522 1551 succurrit,·
1554 1484 1671 1543 nullutn

361 1596 491 1655 unquam
514 1596 533 1637 a
555 1597 586 1638 se
608 1582 718 1638 tristem
740 1579 865 1636 dimisit:
896 1579 1011 1637 diceres
1032 1578 1150 1639 Morum
1176 1597 1239 1640 esse
1264 1581 1417 1655 publicum
1449 1587 1591 1644 omnium
1620 1586 1670 1643 in-

360 1698 447 1757 opum
473 1688 635 1755 patronum
643 1702 654 1749 ,·
688 1683 792 1753 inpens
816 1682 931 1738 lucrum
959 1681 1016 1739 sibi
1039 1688 1127 1754 putat
1154 1685 1328 1754 necessisse,
1359 1686 1477 1757 siquem
1511 1702 1668 1762 opressum

360 1784 535 1853 subleuauit,
563 1785 591 1841 si
610 1785 791 1857 perplexum
818 1789 846 1840 et
872 1782 1045 1855 impeditum
1071 1786 1230 1857 replicuit,
1258 1787 1286 1844 si
1305 1787 1472 1845 alienatum
1489 1790 1620 1863 redepit
1637 1790 1668 1846 in

292 1889 502 1960 §.tt-prolium.
538 1901 621 1960 rremo
640 1886 784 1944 lubentius
804 1885 930 1943 collocat
951 1884 1137 1957 beneficium,
1156 1902 1243 1972 nemo
1263 1889 1361 1946 minus
1377 1888 1564 1962 exprobrat.
1599 1888 1696 1949 lanu

361 2004 427 2048 cum
455 1993 495 2047 tot
522 1987 686 2047 nominibus
711 1987 749 2044 sit
778 1985 971 2057 felicissimus
1001 1992 1031 2045 et
1058 1986 1215 2059 felicitatis
1245 2005 1341 2048 comes
1369 1986 1458 2061 sere·
1472 1993 1576 2050 soleat
1604 2008 1666 2051 esse

361 2093 521 2159 iactantia,
550 2092 663 2148 rrrcltum
694 2087 808 2146 udluuc-
821 2090 989 2146 mortalium
1012 2090 1087 2148 mibi
1111 2090 1213 2149 videre
1240 2093 1362 2163 conticit
1385 2093 1439 2165 qui
1462 2094 1588 2165 lonpius
1608 2094 1664 2152 ub-

293 2198 435 2253 §Abesset
456 2193 494 2252 nb
515 2169 570 2252 boc
589 2193 666 2251 vitio.
710 2189 772 2248 Sed
796 2190 839 2247 od
864 2191 1030 2248 studiorum
1056 2195 1358 2252 commemorationem
1383 2193 1490 2266 redeo,
1519 2211 1593 2269 qaae
1619 2211 1664 2255 ne

360 2295 447 2355 Maro
469 2295 598 2368 nuliique
616 2292 734 2352 Morum
759 2294 941 2366 potissimum
969 2294 1177 2351 conciliarunt.
1221 2294 1355 2352 Primam
1382 2299 1502 2353 antem
1527 2299 1663 2356 carmine

355 2402 539 2474 potissimum
557 2398 707 2466 eumeuii,
735 2410 805 2452 mox
827 2394 880 2452 din
899 2395 1028 2452 tristatus
1050 2401 1107 2464 est,
1136 2402 1169 2453 ut
1184 2411 1308 2470 prosam
1334 2399 1498 2456 orationem
1520 2399 1692 2458 redderetis

360 2502 535 2569 molliorem,
561 2515 620 2572 per
649 2513 734 2555 omne
761 2498 868 2570 scripti
889 2512 985 2569 pentus
1009 2498 1108 2555 stilum
1138 2513 1303 2566 euercens·
1337 2500 1390 2572 qui
1417 2500 1591 2559 cuiusmodi
1615 2504 1661 2572 sit,

359 2602 434 2675 nidd
458 2602 562 2659 attinet
585 2613 828 2668 commemorare,
858 2597 911 2655 tibi
934 2600 1105 2672 presertim
1130 2599 1183 2672 qui
1201 2599 1291 2659 libros
1318 2602 1381 2659 eius
1406 2607 1528 2675 semper
1549 2600 1662 2662 lubeas

292 2706 392 2762 §.nin
414 2697 571 2760 munibus?
601 2699 872 2758 declamationibus
886 2702 1044 2774 precipue
1065 2701 1227 2760 delectatus
1249 2707 1305 2774 est,
1333 2709 1362 2761 ct
1389 2703 1420 2760 in
1449 2701 1496 2760 bis
1525 2706 1662 2764 manriis

359 2807 483 2876 adoris,
509 2802 643 2879 nundin
672 2801 718 2859 liis
745 2803 847 2860 aerior
874 2804 913 2861 sit
937 2804 1124 2874 inponiorum
1151 2804 1335 2862 exercitatio.
1379 2803 1460 2862 unde
1484 2803 1661 2864 adolescens

358 2909 518 2965 etiamnum
540 2905 691 2977 dinlopum
713 2904 902 2973 irretiebatur,
928 2906 958 2961 in
980 2920 1038 2977 quo
1060 2904 1193 2963 Plutonis
1211 2908 1446 2965 communitatem
1473 2906 1520 2965 ad
1549 2924 1688 2967 uxoresn

359 3026 451 3083 ttsqtte
478 3007 623 3079 defendit.
665 3007 795 3066 Luciunr'
824 3004 1035 3080 Tyrannicida
1063 3007 1231 3081 respondit,
1263 3022 1320 3079 quo
1349 3009 1380 3064 in
1404 3014 1584 3079 craumento
1615 3025 1659 3069 me

359 3114 448 3170 uolunt
474 3112 692 3183 anteponistum
721 3108 845 3178 nubere,
875 3123 932 3181 uuo
953 3109 1063 3166 certius
1086 3111 1255 3182 perieulum
1280 3108 1401 3180 formet
1420 3110 1532 3183 ecquid
1544 3110 1657 3185 prose-

357 3216 444 3272 cissct
465 3216 495 3271 in
514 3213 569 3271 buc
587 3228 706 3285 periere.
748 3209 883 3283 ttropian
905 3209 961 3267 lroc
981 3212 1104 3269 consilio
1126 3210 1234 3282 edidit,
1256 3218 1289 3269 ut
1309 3211 1459 3269 indicaret
1480 3214 1588 3285 quibus
1604 3220 1657 3272 re-'

357 3317 410 3373 lues
424 3318 481 3387 fiat
503 3323 533 3374 ut
554 3316 650 3372 atinus
677 3312 826 3371 commode
847 3312 978 3370 babeant
997 3313 1194 3386 respubliere,·
1226 3313 1281 3371 sed
1300 3311 1513 3371 Britannicam
1533 3317 1656 3389 potissi-

357 3433 435 3475 mum
463 3415 598 3489 estruit,
630 3431 719 3488 arctum
752 3413 840 3472 babet
868 3416 985 3488 penitus
1016 3423 1206 3488 perspectum
1235 3416 1456 3488 capnitamque:
1491 3418 1683 3475 secundumn

358 3519 464 3608 tibrum
482 3521 570 3592 prins
590 3519 754 3591 scripserat
768 3533 825 3589 per·
842 3520 952 3584 octrun,
976 3532 1046 3574 mon
1062 3533 1120 3590 per
1136 3518 1320 3575 occasionem
1337 3518 1471 3589 priunum
1491 3517 1604 3577 adiecit
1617 3534 1655 3576 ex

290 3628 505 3695 intempore·
537 3626 625 3692 citasse
646 3619 716 3676 binc
737 3619 881 3675 nomndln
909 3619 1045 3675 citationis
1072 3620 1273 3691 inequalitas.
1326 3619 1384 3676 l'iu
1405 3620 1498 3676 atium
1520 3621 1655 3694 reperias

356 3725 409 3796 arri
432 3722 555 3795 feticius
576 3721 657 3779 dicat
677 3736 717 3778 es·
739 3726 884 3793 tempore,
915 3719 990 3776 adeo
1016 3718 1105 3790 felici
1131 3722 1249 3793 iupenio
1267 3718 1349 3791 selis
1369 3722 1474 3793 linprut
1494 3722 1653 3790 subservit;

357 3827 508 3898 inpunitum
529 3840 664 3898 promens
687 3830 715 3880 et
737 3822 843 3894 ubique
859 3825 1031 3895 pruceoluns
1056 3824 1198 3879 memorio
1218 3828 1348 3896 parata,
1376 3838 1444 3896 aitte
1466 3839 1533 3881 cum
1556 3826 1653 3882 omnia

356 3926 464 3984 ltnluat
485 3928 563 3985 cena
583 3927 612 3983 in
635 3931 804 3994 ritcrucratc,
830 3931 966 3997 prompte
983 3929 1012 3980 et
1032 3925 1238 3982 incunctanter
1258 3926 1393 3997 supplerit
1413 3926 1558 3997 arcieqtrid
1576 3934 1680 3986 tem-u

353 4043 411 4101 pus
433 4035 486 4085 niet
507 4044 555 4085 res
573 4028 722 4101 postulet·
753 4028 782 4084 in
806 4025 1054 4099 disputationibus
1076 4025 1152 4083 nillil
1166 4027 1245 4097 finpi
1260 4033 1358 4099 potest
1373 4028 1503 4097 acutius,
1527 4028 1604 4086 odeo
1623 4037 1654 4087 ut

355 4130 475 4186 sunnms
492 4131 579 4186 etium
595 4127 739 4200 'tlreolopis
754 4144 835 4202 sape
859 4129 1012 4199 rreaocium
1032 4126 1169 4198 facessat
1190 4129 1220 4185 in
1244 4130 1374 4201 ipsorum
1397 4145 1492 4186 urenn
1513 4144 1651 4189 versans:

355 4230 485 4288 loannes
501 4231 628 4297 toletus,
649 4231 695 4286 uir
713 4232 796 4287 acris
817 4232 974 4302 secretique
995 4230 1112 4301 italicii,
1133 4231 1162 4287 in
1182 4229 1389 4301 familiaribus
1408 4232 1562 4304 colloquiis
1579 4233 1650 4290 srib-

355 4333 425 4392 inde
447 4333 547 4391 dicere
568 4333 641 4389 solet
658 4330 828 4388 britannie
849 4347 907 4389 non
930 4333 990 4388 nisi
1010 4333 1130 4390 unicum
1150 4347 1213 4389 csse
1235 4334 1401 4404 incenium,
1423 4349 1490 4390 cum
1513 4334 1579 4392 ltcrc
1601 4337 1648 4392 iu-

287 4438 423 4505 insutu
446 4441 485 4493 tot
505 4435 632 4506 racemis
654 4435 779 4505 inaeniis
795 4435 912 4505 struunt.
965 4434 977 4490 l
983 4434 1051 4491 'ern’
1068 4434 1189 4506 pietatis
1210 4449 1267 4491 non
1295 4434 1456 4506 indilipens
1482 4438 1579 4493 cultor
1599 4443 1678 4505 ests

354 4539 472 4597 etiamsi
489 4537 527 4595 ab
548 4538 629 4595 omni
651 4537 858 4610 superstitione
880 4537 1095 4593 alienissimus:
1127 4534 1216 4593 babet
1240 4551 1312 4593 sitas
1335 4536 1441 4612 liores,
1471 4537 1576 4609 artibus
1597 4538 1650 4595 deo

354 4641 416 4699 litet
434 4640 588 4714 precibus,
612 4656 670 4698 non
692 4655 732 4698 ec
753 4653 835 4696 ruore
855 4638 909 4695 scd
926 4654 943 4695 e
958 4642 1078 4710 pectore
1099 4637 1290 4710 depromptis.
1327 4654 1394 4695 mern
1411 4640 1515 4697 amicis
1533 4642 1577 4698 sic
1591 4638 1649 4711 sa-

422 4791 433 4821 ’
458 4791 501 4840 his
525 4809 572 4839 arn.
589 4794 613 4839 t.
683 4790 694 4821 ⁷
717 4787 828 4838 demisit
847 4792 870 4837 7.
947 4785 966 4819 ¹¹
992 4787 1040 4836 tel.
1060 4784 1140 4851 com]
1160 4788 1290 4837 Menand.
1310 4804 1353 4853 ap.
1373 4788 1448 4841 Stob.
1468 4789 1645 4846 florib-0322.

351 4863 553 4941 ’Τπερήφανόν
571 4891 627 4924 που
644 4863 763 4939 γίγνεθ’
780 4864 797 4938 ἡ
816 4872 882 4923 λίαν
901 4864 1005 4937 τρυφή.
1025 4872 1083 4921 κτλ.
1155 4870 1175 4903 ¹⁹
1195 4872 1283 4938 adon]
1303 4874 1422 4923 infames
1440 4875 1574 4924 materias
1591 4877 1648 4926 sirs

356 4960 416 5022 uluis
434 4960 527 5009 «licere
547 4960 651 5009 inaruit
669 4958 864 5024 inopinabiles.
885 4955 1164 5006 ef.tn·1t.xv11.l·i.
1185 4958 1300 5019 t‚,sic.uti
1320 4973 1381 5007 cum
1398 4959 1536 5008 Thersiten
1555 4960 1648 5010 laudes

356 5044 484 5107 qrrnmirit
501 5050 529 5093 et
548 5060 608 5094 curn
629 5045 727 5094 febrim
745 5044 850 5107 quartis
874 5043 971 5091 diebus
995 5048 1182 5090 recurrentem
1201 5041 1340 5104 laudavit,
1365 5042 1459 5108 lepida
1477 5060 1546 5095 sane
1565 5047 1649 5096 muln

356 5132 384 5176 ct
407 5141 460 5176 non
483 5128 581 5177 tacitis
599 5128 713 5178 inventu
732 5129 760 5178 in
778 5134 921 5193 utramque
935 5126 1168 5189 causamentum
1221 5125 1244 5158 ³⁰
1261 5128 1438 5178 incuntanter
1450 5131 1474 5178 t.
