4067 6209
387 813 481 867 CCXI.
497 829 579 864 ossus
591 828 782 865 cssucuscrsn
794 823 1002 865 usurpamus.
1011 831 1072 866 osc.
1084 824 1139 865 tmo.
1154 815 1306 866 CCXIst
1317 831 1452 866 uocussu.
1462 832 1579 868 ovasse.
1606 802 1680 873 439

387 993 461 1050 duri
475 988 562 1064 oprcd
580 986 682 1047 urbem
698 986 954 1056 Lptlrerouorum:
976 1005 1016 1045 cu
1038 989 1142 1062 quilius
1162 995 1221 1046 tres
1242 990 1371 1046 licitatus
1389 996 1432 1047 est
1446 989 1546 1048 Simon
1568 992 1681 1048 amicus

386 1100 492 1164 noster,
515 1089 666 1164 patricius
685 1087 894 1160 Auqusteusis·
929 1092 1034 1148 caleri
1052 1106 1072 1147 a
1098 1089 1169 1160 soro
1190 1090 1333 1149 subducti.
1378 1090 1462 1147 Alter
1484 1091 1738 1165 iliceouqmusse.

385 1201 452 1250 erut
477 1189 641 1262 Aleauder,
669 1189 794 1250 Iudams
820 1190 1000 1264 baptizatus,
1033 1194 1215 1265 metallisque
1250 1192 1407 1265 deputatus
1436 1199 1486 1252 esl.
1531 1192 1737 1260 riluruoross.

385 1296 551 1354 cucullione
572 1308 661 1365 quum
681 1309 740 1352 riou
762 1299 862 1365 eqerel
882 1293 1042 1352 admodum
1064 1293 1179 1365 Siroorr,
1209 1293 1283 1351 milu'
1309 1294 1402 1352 tribus
1427 1295 1516 1353 obolis
1544 1295 1682 1367 ceredidit,

363 1407 471 1470 bquem
490 1395 544 1455 libi
563 1410 644 1452 riurie
664 1395 757 1467 mitto,
775 1401 803 1452 et
823 1398 851 1452 si
870 1397 969 1469 cupis,
993 1398 1081 1455 etiam
1101 1395 1186 1455 clorio.
1226 1395 1353 1454 Ilioneus
1368 1396 1442 1454 milu
1455 1397 1579 1465 vitietur,
1596 1412 1683 1476 equo

384 1502 523 1574 optimum
537 1497 635 1570 possis
650 1496 811 1569 depiaqcre
825 1497 1090 1570 quadruplatorum
1104 1499 1271 1571 scripturus
1285 1500 1439 1572 quippiam
1454 1501 1485 1556 iu
1502 1497 1682 1555 Curlisauos.

385 1589 511 1660 subinde
532 1600 559 1658 si
578 1597 652 1670 quid
672 1603 796 1656 aeturus
816 1614 848 1655 es
870 1600 900 1655 iu
921 1599 1098 1672 Cordiqeros
1116 1600 1323 1668 discalceatos,
1346 1615 1430 1657 uemo
1445 1600 1497 1658 tilii
1511 1600 1563 1657 lios
1575 1600 1684 1673 prodet

383 1702 520 1773 facilius,
543 1698 714 1774 quibuscum
737 1704 833 1756 eerttrt
854 1699 922 1757 odio
938 1702 1010 1773 plus
1032 1717 1121 1774 quam
1142 1702 1317 1770 latiniano·
1346 1703 1458 1774 alioqui
1470 1702 1599 1760 eiusdem
1615 1702 1682 1759 ltce-

385 1820 498 1880 reseos,
523 1804 582 1860 uisi
602 1802 682 1874 quud
702 1800 882 1860 neoltiorilus
905 1802 1040 1861 induitur
1061 1805 1185 1878 aluitque
1207 1803 1355 1874 licentius,
1376 1804 1506 1862 iuturdiu
1520 1803 1682 1861 marcuclius

352 1912 494 1977 ¹⁰oaqus,
522 1910 609 1963 uoctu
631 1904 767 1964 Milesius
788 1905 1016 1963 strenuissimus.
1061 1904 1100 1961 Et
1121 1912 1153 1963 ut
1168 1906 1296 1979 propius
1315 1904 1394 1962 luceres
1415 1905 1467 1963 lili
1490 1907 1735 1978 ‹uupiuquuuuu

387 2011 412 2065 is
434 2012 477 2065 esi
495 2008 548 2078 qui
569 2008 599 2063 iu
612 2005 775 2064 Lutluerum
798 2007 946 2062 uolumina
967 2006 1064 2064 edidit
1083 2005 1241 2077 leotarius,
1260 2007 1312 2078 qui
1326 2021 1424 2064 orarios
1440 2009 1469 2064 iu
1488 2024 1519 2066 se
1533 2010 1685 2065 corumoeil
1737 2060 1741 2075 „

386 2108 530 2177 eruditos,
552 2107 685 2165 omuibus
705 2106 812 2165 bellum
834 2107 958 2178 indicit,
974 2116 1107 2181 paratus
1128 2110 1215 2165 etiam
1234 2109 1264 2166 ia
1288 2108 1366 2165 lium
1388 2108 1494 2166 liorcau
1515 2107 1682 2167 subuertere

387 2212 554 2269 urriuersum
576 2224 638 2267 rem
661 2209 839 2266 literarium.
888 2208 966 2278 Ouid
986 2211 1077 2282 iqilur
1099 2209 1152 2267 tili
1178 2213 1320 2268 mitterem
1342 2212 1461 2281 pretias
1482 2227 1571 2284 quam
1592 2213 1680 2268 talem

386 2313 583 2385 impostorem,
606 2314 693 2370 tellum
716 2328 753 2370 ac
768 2317 880 2369 auitum
895 2306 1026 2370 hostem?
1053 2311 1156 2369 Facito
1176 2313 1221 2369 illi
1238 2311 1375 2388 collidet,
1397 2312 1517 2371 cedidere
1531 2329 1588 2386 pro
1603 2315 1677 2385 liutet,
1689 2329 1735 2379 §.u

350 2419 376 2457 ¹⁵
382 2430 441 2487 pro
471 2415 659 2473 stercorario.
705 2429 793 2472 cerrum
822 2429 888 2483 oro,
908 2419 982 2470 tum
1012 2414 1096 2470 ollem
1124 2430 1161 2470 ue
1188 2415 1337 2472 esisttroes
1367 2415 1581 2488 speopluurtam
1609 2431 1680 2483 esse,

386 2516 457 2587 quin
480 2515 559 2573 terrac
580 2532 637 2573 eiua
658 2517 784 2589 posteris
802 2530 933 2572 reserres
953 2515 1164 2586 spectandum:
1194 2514 1270 2572 uiltit
1285 2518 1362 2573 erriru
1381 2532 1447 2573 eum
1463 2518 1493 2572 iu
1515 2516 1581 2573 luee
1600 2518 1681 2573 inula

383 2616 540 2690 perclusit,
555 2632 662 2688 ,qruuu
685 2618 810 2675 uomiuis
832 2617 1050 2686 immortalitas,
1081 2632 1170 2689 quam
1191 2625 1224 2674 ut
1242 2618 1471 2689 adsequeretur,
1497 2618 1526 2675 ei
1546 2633 1577 2674 se
1600 2617 1682 2675 dedit

382 2720 526 2793 periculo.
567 2717 661 2775 ls'ram
683 2718 762 2776 arcere
784 2718 978 2777 dedolaturus
999 2719 1076 2776 uelut
1089 2717 1211 2776 Eccium
1233 2721 1329 2790 itliou,
1352 2721 1384 2777 ai
1402 2719 1477 2777 resilii
1495 2735 1552 2777 uua
1572 2718 1737 2789 fuissetis,

384 2822 490 2879 otium.-
522 2820 575 2878 all
594 2820 627 2877 id
646 2821 777 2878 rrrrouris
798 2820 953 2893 deleqolro,
976 2828 1043 2879 treus
1065 2811 1116 2879 est.
1165 2821 1250 2894 l'ale,
1272 2838 1312 2879 ee
1334 2820 1504 2895 Hapauoia.
1533 2836 1596 2893 req.
1617 2822 1679 2877 Ca-

348 2923 462 2980 mimo.
487 2921 613 2979 Ianuar.
655 2923 740 2979 Arireo
765 2921 934 2981 dI.D.XX.

944 3323 1099 3398 CCXII·
1418 3354 1546 3390 Exuvxsn
1561 3355 1585 3389 Λ.
1602 3349 1660 3389 1520.

671 3499 715 3567 to
734 3499 904 3555 ormooo
928 3498 1190 3555 aoeusruuro
1214 3498 1400 3568 orasse]

472 3678 721 3690 ...........
768 3644 989 3685 trocttsruarrs.
1032 3635 1137 3692 Verum
1160 3651 1199 3689 es·
1222 3642 1301 3689 loreto
1327 3634 1407 3688 leoste
1433 3635 1573 3703 prasidio
1600 3635 1679 3689 uobis

384 3728 457 3775 suat.
498 3739 564 3774 roura
580 3719 716 3790 [Eccius]
736 3704 895 3775 instructus
914 3722 1049 3791 plurimis
1071 3722 1161 3775 literis
1181 3721 1348 3789 pontificum
1372 3721 1411 3773 ad
1431 3735 1593 3790 sprrccqoqus
1615 3720 1678 3772 urd-

385 3903 492 3952 ccxss.
526 3902 586 3950 1:
598 3909 667 3976 ,αῆ
683 3902 891 3966 uocusmjsss
912 3919 1009 3952 osuss.
1032 3918 1170 3953 nuuooss
1188 3899 1191 3964 Ι
1207 3916 1434 3952 snsusvlssluvs.
1452 3900 1456 3964 l
1473 3916 1678 3951 lsssusoovso-

386 4003 445 4036 uos.
463 3986 467 4049 Ι
485 3986 679 4045 lloehstrutus,
706 3987 751 4049 qui
775 3984 973 4035 &terdoratus
993 3988 1102 4038 (licitur.
1121 3986 1124 4050 Ι
1142 3989 1240 4035 Frater
1265 3985 1417 4050 Lupolilus,
1442 3986 1507 4033 lusio
1533 3988 1560 4033 in
1580 3986 1679 4035 itinero

386 4088 484 4122 como-s.
502 4072 506 4135 ξ
522 4072 665 4120 Euluuurdus
685 4073 770 4129 heus,
792 4086 825 4119 cx
844 4071 951 4119 homine
967 4079 1149 4131 ecuunustotus
1165 4070 1169 4134 l
1185 4086 1271 4136 nuper
1284 4072 1310 4119 in
1325 4086 1431 4119 canem.
1448 4066 1452 4135 Ι
1468 4072 1558 4135 Lege,
1578 4070 1600 4119 d
1620 4087 1679 4121 eum

385 4157 531 4209 ouantibus
550 4156 699 4205 lutoberiss.
717 4154 720 4218 Ι
737 4158 783 4217 (ld
797 4155 865 4205 folia
879 4156 914 4203 4⁰.
928 4172 949 4203 s.
964 4160 978 4204 l.
993 4164 1018 4204 el
1031 4173 1055 4206 a.
1094 4158 1154 4205 l'ost
1173 4158 1296 4219 dialoqum
1315 4160 1431 4220 loqueretur
1444 4159 1477 4204 27
1490 4157 1607 4214 distielta,
1628 4160 1679 4221 qui-

384 4242 429 4289 bus
447 4244 591 4304 iuscripluru
605 4236 647 4288 'est
668 4256 694 4288 is
716 4257 826 4289 usossu
847 4256 912 4289 x.s1
925 4248 994 4317 Μ
1012 4238 1015 4302 Ι
1032 4257 1117 4291 uosis
1138 4239 1341 4306 ssccsslsossu
1361 4239 1472 4309 uolutus.
1490 4240 1494 4305 Ι
1509 4249 1533 4290 et
1547 4245 1571 4289 iu
1590 4257 1681 4290 ecoerso

384 4330 463 4375 ultimi
477 4328 548 4388 solii.
573 4328 642 4373 cuius
665 4333 737 4374 reela
757 4328 855 4389 paqiuo
874 4342 952 4374 uacua
970 4333 1022 4386 est,
1048 4328 1246 4376 dodecasticltou
1264 4329 1411 4391 inscriptum
1430 4340 1678 4376 ussuuuocvuouss

383 4425 420 4459 Ao
436 4407 440 4474 l
457 4425 603 4459 uacuossu
617 4406 653 4474 l).
691 4410 777 4458 liiiuus
794 4412 936 4459 querulosum
955 4417 993 4459 cst
1012 4412 1059 4460 icoc
1078 4415 1216 4475 esteruptum
1235 4429 1307 4477 quom

451 4497 514 4543 2:
532 4493 741 4560 nosocomium
760 4502 809 4543 ele.
829 4503 854 4542 ul
869 4499 892 4544 l.
913 4498 962 4543 uisi
979 4498 1048 4560 qrurd
1063 4503 1179 4559 tpporuru
1195 4496 1288 4558 flecma*
1306 4496 1428 4558 differunt
1446 4501 1470 4543 cl
1483 4494 1595 4542 Canem.
1616 4499 1678 4554 (reim

384 4581 502 4641 canem.)
515 4580 597 4629 dubet.
636 4579 681 4641 (ll
695 4578 763 4629 folia
777 4582 805 4629 in
819 4582 855 4629 4¹¹.
874 4599 896 4629 s.
911 4584 926 4629 l.
941 4587 964 4627 cl
978 4589 1013 4640 a.)
1053 4581 1171 4628 Cecrurriud
1188 4583 1298 4642 exerrrpli
1318 4582 1340 4627 l.
1360 4587 1384 4628 ct
1403 4583 1482 4643 ipsius
1500 4579 1596 4640 dialopi
1608 4578 1680 4641 quusi

383 4668 495 4729 epiloqus
514 4670 558 4729 qul
574 4668 599 4714 ia
620 4667 643 4714 l.
656 4668 771 4731 sequitur
788 4666 865 4715 uerba
885 4664 906 4713 ‘1
915 4680 991 4746 uptus,
1013 4662 1128 4727 sequur'.
1149 4680 1198 4712 uon
1217 4666 1343 4726 loquutur.
1362 4666 1410 4712 sed
1427 4664 1480 4711 lucc
1499 4662 1621 4726 epistola:

629 4765 761 4799 sossuvu
782 4766 875 4799 usuvu
896 4764 1055 4809 spumosus,
1074 4743 1078 4812 Ι
1094 4746 1224 4796 velamus
1243 4746 1347 4795 Alanus
1367 4763 1388 4797 s.
1404 4762 1429 4796 o.

450 4834 529 4882 Nous
547 4850 607 4897 qum
625 4849 698 4882 nuno
718 4832 791 4890 sunt,
817 4840 847 4882 ut
866 4834 956 4883 omnis]
975 4829 1092 4880 interest
1111 4848 1145 4879 ou
1164 4832 1279 4879 maximo
1299 4836 1365 4879 nota
1385 4828 1456 4884 else.
1482 4830 1558 4878 lubis
1575 4827 1579 4891 Ι
1596 4845 1678 4894 expo-

450 4966 567 5019 ²eeteri
587 4974 611 5019 2.
682 4970 872 5036 ³baptieatus
892 4973 915 5018 1.
970 4968 1139 5033 ⁸quidpiam
1158 4971 1182 5016 2.
1242 4965 1263 4997 ¹⁰
1281 4965 1416 5031 Milesius]
1437 4969 1454 5017 i.
1470 4985 1494 5017 o.
1509 4968 1672 5028 luxuriosus,
1726 4988 1727 4991 ¹

382 5052 525 5103 dissolutis
543 5055 672 5105 moribus.
738 5054 759 5088 ¹³
778 5055 944 5104 litterarium
964 5058 989 5103 2.
1056 5052 1076 5084 ¹⁶
1094 5052 1294 5101 I'irckheimori
1314 5051 1437 5101 libellum
1457 5054 1535 5102 Eocii
1554 5053 1676 5104 dedolati

382 5137 497 5187 indicat.
