4067 6209
420 770 514 822 1111.
534 784 662 822 mam
674 783 713 820 un
723 783 843 819 ratur.
856 782 892 817 nn
905 782 1007 817 uerna
1021 781 1050 816 ιι
1063 781 1232 817 ruurornrc.
1245 780 1364 816 ιιιιιτ.
1378 780 1445 815 noo.
1458 773 1613 842 rumulo.
1651 752 1699 824 35

397 940 534 1002 m
548 939 695 1018 ermerus
711 957 747 1000 ac
761 937 980 1014 brebiepiooopi
994 935 1141 1001 tilbertbi.
1156 936 1299 1013 scriptam
1313 954 1331 995 a
1345 954 1394 995 me
1408 934 1454 996 his
1468 934 1587 1006 diebus,
1609 938 1701 1000 immo

396 1043 536 1103 amm.
591 1044 651 1102 etia
671 1042 750 1102 enim
778 1037 919 1118 qtnrrtillo
945 1039 1086 1116 temporis
1111 1038 1225 1115 spacio.
1258 1056 1316 1115 qua
1343 1037 1476 1106 fortuna,
1512 1057 1571 1117 quo
1598 1058 1700 1101 rerum

397 1161 534 1205 urum
555 1149 635 1203 nam
655 1142 851 1219 mmpositum
873 1139 1002 1200 bbellum
1025 1141 1055 1199 in
1070 1138 1166 1200 lucem
1180 1139 1276 1200 edam
1306 1147 1337 1200 et
1350 1147 1383 1200 ut
1397 1140 1464 1209 scis,
1486 1141 1524 1201 ita
1540 1159 1599 1200 non
1614 1150 1700 1219 potes

397 1245 537 1324 'gnorare
558 1246 589 1305 in
611 1243 691 1323 quod
712 1262 762 1303 me
779 1242 935 1303 discrimen
958 1244 1041 1302 lamae
1063 1243 1168 1319 egeris.
1211 1231 1367 1320 δύσζηλοι
1389 1232 1454 1319 γάρ
1482 1228 1510 1300 τ’
1530 1232 1624 1321 εἰμὲν
1643 1237 1700 1304 ἐπὶ

378 1340 500 1425 egdoni
532 1332 612 1425 φῦλ’
638 1332 844 1423 ineptum.
888 1343 967 1422 quod
1001 1346 1025 1402 si
1057 1343 1127 1421 quid
1155 1359 1284 1420 unquam
1311 1360 1421 1420 negare
1447 1340 1499 1401 tibi
1527 1344 1699 1428 potuissem,
1709 1349 1754 1400 §.a

397 1447 455 1509 boe
475 1465 634 1526 negassem
656 1447 799 1525 prolecto.
833 1452 863 1505 et
880 1446 903 1504 si
926 1462 980 1522 per
1002 1452 1031 1503 te
1053 1443 1190 1511 licuisset,
1214 1450 1322 1521 quanta
1344 1462 1400 1511 me,
1423 1442 1463 1503 dii
1478 1442 1557 1511 boni,
1580 1445 1699 1507 infamia

397 1548 591 1610 bberasseml
613 1548 717 1628 Neque
731 1566 801 1607 rero
816 1555 876 1606 tam
892 1544 998 1606 stultus
1012 1564 1088 1614 sum,
1107 1554 1140 1605 ut
1154 1545 1225 1605 mibi
1240 1543 1376 1623 exemplo
1388 1544 1486 1605 Alloini
1507 1541 1700 1632 lm

397 1650 553 1711 numdam
573 1650 653 1729 apud
675 1649 800 1710 lectores
822 1648 1008 1726 praecipitatae
1029 1646 1164 1706 editionis
1184 1647 1298 1707 veniam
1320 1646 1478 1724 deprecer,
1507 1648 1698 1725 quemadmo-

397 1752 470 1814 dum
491 1751 544 1813 itte
564 1759 738 1830 arroganter
759 1757 888 1811 bartatae
915 1750 1078 1827 graeeitatis.
1123 1747 1251 1817 tonat,
1280 1756 1399 1817 exeant,
1429 1750 1459 1809 iu
1486 1749 1622 1810 incendio
1643 1768 1699 1812 auo
1713 1761 1758 1812 §.a

367 1861 525 1931 eperunt
544 1853 663 1914 inlaceti
685 1853 756 1922 ioci,
789 1854 930 1929 inargutae
953 1868 1052 1929 nugae,
1085 1852 1229 1912 inamoena
1251 1861 1282 1912 et
1301 1852 1399 1928 inepta
1423 1858 1566 1929 poemata.
1601 1851 1699 1923 malo,

349 1985 361 2017 ι
398 1953 473 2015 dum
494 1954 549 2014 tibi
570 1953 731 2031 obsequar,
753 1971 869 2013 errame
889 1952 1084 2030 deprehendi.
1107 1971 1196 2031 qnam
1210 1971 1270 2012 non
1285 1952 1467 2031 obsequutus
1484 1954 1701 2031 ingratitudinis

398 2056 468 2115 ritio
488 2056 596 2115 notari
633 2054 758 2115 debettu
780 2054 837 2114 boc
859 2053 1066 2131 pulcherrimis
1087 2056 1144 2115 tuis
1164 2056 1195 2115 in
1217 2073 1265 2115 me
1286 2056 1413 2123 meritis,
1436 2054 1562 2115 debetur
1582 2055 1700 2117 absolu·

398 2157 520 2218 umine
540 2155 654 2217 albeni
675 2154 845 2225 virtutibus,
868 2163 948 2215 tanto
970 2157 1102 2217 omnium
1124 2174 1179 2233 per
1199 2156 1387 2216 Germaniam
1410 2157 1575 2233 principum
1598 2158 1701 2234 optimi

400 2259 594 2337 maximique,
616 2265 726 2337 quanto
748 2275 803 2335 ego
825 2275 891 2317 sum
913 2259 1044 2318 omnium
1066 2257 1175 2318 ibidem
1197 2265 1350 2335 puetarum
1373 2258 1526 2334 pessimus.
1566 2256 1653 2327 Quod
1673 2259 1754 2321 ait-⁴.

369 2367 534 2421 uentum
556 2378 573 2420 a
595 2378 643 2421 me
664 2368 718 2428 est,
741 2359 798 2420 hoc
818 2360 946 2436 primum
968 2358 1182 2428 consolabitur,
1211 2358 1290 2437 quod
1311 2376 1371 2418 non
1394 2366 1490 2437 potest
1511 2376 1570 2418 non
1591 2359 1701 2421 multos

399 2461 429 2522 in
451 2459 637 2522 consimilem
657 2480 790 2522 errorem
812 2461 961 2522 adducere
975 2460 1108 2521 albertici
1130 2461 1259 2528 bonitas,
1278 2445 1323 2531 ὥς
1343 2447 1401 2519 ὅδε
1423 2456 1505 2519 πᾶσι
1522 2459 1622 2539 φίλος
1643 2454 1701 2522 καὶ

399 2553 509 2642 τίμιός
528 2556 631 2623 ἐστιν.
675 2561 782 2622 deinde
803 2562 883 2639 quod
905 2570 934 2622 te
956 2564 1102 2624 minatore
1124 2562 1216 2631 edidi,
1251 2563 1335 2623 cuius
1363 2580 1447 2623 amor
1474 2581 1509 2623 ac
1536 2565 1699 2624 reverentia

399 2664 478 2743 apud
501 2665 655 2724 universos
677 2662 819 2741 politioris
844 2661 1003 2723 literaturae
1031 2672 1195 2724 assertores
1222 2665 1293 2724 tauti
1321 2672 1403 2733 suut,
1436 2672 1470 2724 ut
1496 2663 1542 2724 cel
1573 2666 1700 2743 graviori

400 2765 508 2826 delicto
530 2766 643 2826 reniam
663 2784 699 2826 ac
720 2766 843 2843 gratiam
862 2766 1041 2842 pepererint
1078 2764 1166 2824 blodo
1187 2765 1218 2824 in
1239 2765 1298 2826 boc
1317 2766 1451 2844 principe
1465 2766 1504 2826 ita
1518 2776 1587 2827 sunt
1601 2768 1753 2831 ommate

367 2878 528 2935 ”summm
544 2875 650 2949 utnon
665 2884 740 2944 opus
754 2867 792 2926 sit
805 2864 964 2944 legentium
979 2866 1069 2927 iidem
1083 2885 1173 2945 prece
1184 2875 1235 2927 aut
1249 2869 1350 2945 precio
1366 2876 1493 2946 captare,
1507 2888 1562 2930 uec
1577 2888 1632 2947 ego
1646 2888 1699 2931 un-

401 2987 490 3048 quam
511 2968 614 3029 dixero
633 2968 691 3028 boc
710 2967 790 3046 quod
808 2966 856 3029 ille
871 2970 1014 3046 scriptum
1036 2966 1167 3046 reliquit,
1190 2966 1345 3046 loquutum
1367 2988 1399 3030 se
1421 2969 1459 3028 dc
1473 2971 1559 3048 Cyro,
1578 2967 1700 3055 lim·

402 3088 461 3131 non
475 3070 556 3149 quod
571 3068 637 3129 talis
651 3069 748 3138 fuerit,
763 3068 816 3129 sed
831 3069 910 3147 ‹puod
922 3068 987 3130 talis
998 3088 1064 3131 esse
1075 3069 1219 3131 debuerit
1242 3069 1379 3131 adulandi
1395 3088 1465 3129 cero
1480 3070 1610 3130 studium
1625 3072 1699 3132 adeo

402 3189 557 3249 sempera
579 3169 712 3231 moribus
732 3172 807 3231 meis
828 3171 934 3241 abluit,
956 3181 989 3232 ut
1009 3171 1082 3232 nilul
1104 3190 1233 3250 unquam
1255 3172 1411 3233 remotius:
1434 3170 1463 3229 id
1484 3171 1563 3248 qriod
1585 3179 1615 3231 tu
1630 3174 1697 3241 scio,

403 3280 432 3331 et
451 3290 545 3332 annos
566 3273 624 3332 mm
645 3270 712 3350 plus
726 3274 855 3352 quinque
870 3274 983 3334 diversa
998 3292 1062 3333 mea
1078 3274 1195 3333 fortuna
1210 3280 1350 3350 expertus
1364 3290 1405 3332 es.
1439 3270 1515 3341 Ouid
1530 3273 1619 3349 igitur
1633 3272 1752 3334 bacci-n

371 3373 452 3435 sedi
472 3373 621 3452 oportuit?
642 3391 680 3434 an
701 3381 734 3434 ut
754 3373 848 3444 hunc,
871 3394 959 3453 quem
974 3374 1072 3444 laudo,
1093 3375 1130 3435 ad
1151 3375 1288 3435 virtutem
1303 3373 1513 3452 capessendam
1527 3374 1698 3434 invitarem?

404 3475 522 3536 minime
544 3492 628 3544 rero;
650 3474 703 3535 sed
724 3484 758 3536 ut
777 3476 893 3554 ingenia
915 3475 1071 3554 maelium
1093 3476 1129 3538 ad
1151 3475 1339 3537 scribendum
1362 3477 1535 3542 excitareu1;
1564 3482 1593 3534 et
1619 3475 1697 3535 erci-

405 3576 471 3637 tabo
492 3595 577 3647 sane,
600 3594 668 3637 nam
689 3585 798 3656 quouis
819 3578 943 3655 quisque
965 3579 1029 3646 erit,
1052 3596 1140 3656 quem
1162 3579 1229 3637 risis
1251 3577 1297 3637 bis
1318 3595 1378 3637 non
1400 3575 1508 3637 iurabit
1522 3576 1620 3635 statim
1634 3593 1697 3636 me·
1745 3571 1756 3591 ⁸

404 3675 474 3738 liora
496 3678 646 3739 sorberet
668 3678 704 3739 Et
725 3686 794 3739 sunt
815 3679 939 3739 fortasse
960 3680 1010 3756 qui
1032 3686 1171 3756 poterunt
1191 3677 1290 3746 meriti,
1314 3697 1361 3738 me
1376 3677 1530 3737 autemoic
1545 3678 1620 3737 rinei
1634 3694 1694 3737 non

406 3779 521 3857 pigebit
557 3779 651 3857 Porro
668 3779 805 3842 tilbertus
826 3799 885 3840 non
907 3789 952 3841 est
971 3782 995 3840 is
1010 3767 1060 3841 ciii
1073 3781 1130 3841 dici
1145 3780 1298 3840 concernat
1311 3777 1383 3839 illud
1398 3778 1476 3856 quod
1491 3776 1560 3838 buic
1582 3773 1591 3860 Ι
1600 3775 1694 3853 ,ffl
1705 3792 1750 3844 §.a

375 3878 560 3943 »Homerico
571 3881 686 3952 diciurr,
702 3869 746 3942 οὐ
760 3870 823 3961 χρὴ
837 3873 1027 3960 παννύχιον
1042 3870 1155 3942 εὕδειν
1169 3870 1391 3959 βουληφόρον
1401 3869 1521 3957 ἄνδρα,
1537 3859 1657 3964 §iaci
1668 3866 1693 3939 τ’

469 4083 477 4116 ¹
495 4082 725 4150 Archepilcopil.
749 4085 858 4137 Alberti
870 4091 897 4136 2.
920 4120 924 4126 ·
968 4086 1023 4134 imo
1037 4084 1160 4134 effusum.
1200 4084 1264 4135 Scia
1281 4100 1378 4149 nempe
1391 4087 1417 4133 2.
1440 4081 1535 4150 {Sapo
1553 4101 1604 4149 pro
1622 4087 1696 4136 enim

404 4169 536 4220 odoribus
546 4184 645 4234 nempe
656 4171 769 4221 obtrudit
781 4172 896 4220 indoctus
907 4176 1017 4234 eupator
1031 4166 1188 4234 ‚liunebiual
1239 4166 1250 4201 ⁴
1267 4171 1379 4221 Homer.
1392 4169 1492 4234 onyas.
1502 4169 1563 4219 vn.
1573 4168 1633 4220 307.
1650 4172 1694 4221 ln·

405 4252 459 4302 vidi
477 4254 580 4303 etenim
598 4268 690 4305 eumne
706 4271 791 4320 supra
803 4259 906 4304 terram
918 4268 1022 4319 genere
1034 4253 1182 4303 hominum.
1234 4253 1245 4285 ⁷
1264 4254 1403 4321 exemplar
1410 4259 1435 4306 2.
1478 4251 1696 4318 Albini],‚Au1ue

405 4336 515 4397 Atticas,
528 4340 573 4405 qui
582 4339 675 4388 ml..
681 4339 786 4390 Lucullo
798 4343 887 4389 warni
894 4339 954 4399 suit,
967 4353 1021 4387 ema
1033 4340 1058 4386 in
1069 4342 1198 4403 principio
1210 4355 1295 4389 rerum
1301 4340 1469 4390 Romanorum
1476 4339 1569 4388 Groeca
1577 4342 1694 4389 oratioue

404 4437 421 4469 a
429 4437 457 4472 ee
466 4425 633 4488 nerium,
649 4427 674 4473 st
683 4426 745 4490 quid
752 4440 844 4489 par-raa
854 4426 992 4487 conposite
1004 4429 1048 4470 aut
1065 4430 1145 4472 »narn
1161 4426 1293 4488 elepanter
1310 4432 1442 4475 narratam
1455 4425 1541 4486 soret,
1560 4424 1600 4474 hie
1610 4424 1695 4474 verite

404 4512 496 4556 mian
513 4511 671 4572 portularaet
688 4509 771 4566 ,,Νωιι
788 4525 841 4558 eum
857 4509 928 4558 bono
946 4508 1084 4563 Romanus,
1109 4515 1184 4557 umus
1206 4511 1231 4557 ia
1248 4509 1342 4564 Latio.-
1368 4511 1461 4561 Groeen
1478 4510 1563 4558 oratio
1583 4525 1601 4557 ο
1622 4508 1694 4558 nobie

403 4593 552 4643 iontem
563 4596 628 4650 Μ’,
641 4592 750 4643 Marcu
762 4593 826 4644 Cato
838 4594 896 4650 „Ne
907 4595 952 4642 tu⁴‘
964 4596 1044 4657 inquit
1056 4594 1152 4650 „Ante
1166 4594 1264 4641 miron
1276 4600 1386 4657 mtpator
1398 4609 1439 4651 er,
1456 4610 1511 4642 aaa
1522 4594 1632 4642 mactati
1642 4595 1693 4641 cul·

402 4692 457 4739 pn
473 4678 615 4741 depranam
629 4694 702 4743 quma
718 4682 794 4742 culpa
805 4695 898 4728 cmm-e
961 4679 1017 4735 Die,
1030 4693 1078 4727 oro
1089 4684 1128 4734 te,
1142 4680 1198 4742 quis
1208 4682 1334 4741 perpulit,
1348 4683 1374 4725 ut
1387 4679 1415 4727 id
1425 4679 1602 4732 committerer,
1616 4678 1691 4740 quod

402 4765 544 4828 prinpum
552 4762 665 4825 faceres,
675 4768 819 4826 peteteret
830 4764 1040 4828 ipnormetwr‘
1052 4762 1132 4825 Quod
1138 4761 1254 4812 Catonis
1265 4760 1423 4823 dicterium,
1436 4760 1586 4810 innumeris
1596 4775 1692 4809 recen-
1751 4773 1758 4786 ·

404 4846 517 4897 tioribrm
528 4847 740 4913 prefationibus
751 4853 846 4914 aptum
857 4862 1031 4914 responsum,
1053 4846 1142 4896 refert
1154 4861 1187 4895 ex
1198 4845 1280 4895 Corn.
1291 4846 1400 4911 Nepote
1410 4844 1517 4895 Gellius
1527 4844 1552 4893 N
1554 4844 1599 4893 .A.
1611 4843 1691 4896 Xl.8.

403 4915 640 4982 &mobilem
646 4932 779 4998 praetii.
814 4915 836 4964 ’ὅ
852 4923 891 4991 eie
902 4929 1001 4997 ent]
1015 4934 1127 4982 Homer.
1140 4929 1239 4992 Odyea.
1253 4931 1286 4981 Χ.
1300 4930 1342 4981 38.
1355 4931 1394 4980 Ut
1409 4930 1455 4979 bic
1471 4927 1598 4978 omnibus
1611 4945 1693 4981 carna

405 5020 431 5065 et
440 5016 610 5068 bononbilia
623 5023 675 5068 est
727 5016 749 5050 ²¹
766 5015 929 5083 Xenophon]
956 5017 999 5067 Cf.
1012 5016 1071 5066 Cio.
1084 5014 1166 5078 epist
1179 5013 1214 5062 ad
1225 5014 1320 5076 Quint
1331 5013 1416 5077 1.1,8.
1437 5013 1622 5078 Aneongrat.
1635 5021 1690 5067 act.

405 5100 570 5165 pneumon.
594 5100 758 5167 petemp.
793 5101 950 5153 ⁸⁸scribere
963 5101 1110 5151 meliorat.
1145 5098 1167 5131 Β
1180 5097 1339 5165 Homerico]
1351 5098 1433 5149 Iliad.
1446 5097 1690 5166 11.2tsq.ot.·q.

1427 5184 1471 5247 3*
