4067 6209
360 781 433 854 4³12
471 794 594 847 CCXIII.
608 808 643 845 nx
654 808 778 845 nanneni
789 808 910 845 consecr
921 809 1061 847 animone
1071 811 1107 847 sn
1118 810 1215 847 canon.
1227 812 1291 849 avc.
1300 813 1352 849 nso
1363 814 1447 850 avar.
1456 811 1488 853 u.
1496 813 1660 851 sonsum.

359 988 415 1027 nou
438 970 642 1036 viduarentur,
671 970 723 1024 secl
749 970 905 1023 irritantur
934 976 961 1023 et
989 972 1064 1026 uires
1092 974 1219 1045 triplices
1248 976 1390 1046 recipiunt
1413 976 1583 1031 aduersarii
1604 975 1659 1031 illis

357 1057 428 1128 ipsis
445 1056 531 1128 petiti
553 1096 682 1109 ......
690 1074 693 1080 ·
701 1096 1070 1112 ................

914 1471 1088 1548 CCXIII.

943 1651 1059 1694 attento

634 1729 686 1777 Al)
706 1728 882 1779 CAliOLVM
899 1731 1095 1781 MAXIMVM
1110 1730 1322 1781 AVoVerst

798 1810 840 1850 ET
851 1811 1024 1853 GERMANIAE
1036 1810 1196 1853 entitatees

975 1880 1033 1922 etto

643 1948 805 1998 nanteolo
823 1951 883 2000 HV
885 1951 908 2000 T
910 1951 1005 2001 TENO
1022 1951 1117 2012 EQVI
1121 1950 1166 1999 TE
1186 1949 1363 1999 coartiano

787 2033 840 2082 ET
855 2035 1027 2086 ΜΑΜἸΝΟ
1045 2033 1222 2085 LVTHEIIO

584 2112 709 2155 earnes
726 2113 768 2154 er
779 2114 1169 2225 ουκιειῚΑΝΙΑεΠιῘΙΙΞΙΤΛΤΛς
1181 2114 1415 2160 Aosunrontens
1658 2132 1679 2173 ,Ι

686 2256 714 2313 S.
738 2255 945 2327 ABI'DENO,
971 2258 1160 2326 conatae,
1185 2256 1305 2314 GERM.

438 2394 522 2451 Scitis
550 2411 585 2449 ac
607 2396 670 2449 item
693 2397 810 2463 euprerti
830 2398 912 2463 estis,
936 2398 1087 2468 principes
1109 2395 1297 2460 invictissimi,
1320 2410 1407 2463 quom
1430 2395 1595 2449 citissimam
1616 2412 1648 2452 ae

352 2483 434 2553 lonae
457 2481 648 2534 miserrimam
671 2481 834 2534 seruitutem
853 2482 989 2551 perpessi
1009 2482 1111 2547 simus,
1135 2480 1220 2534 aruris
1242 2479 1424 2545 transmutas,
1447 2479 1500 2534 sub
1515 2482 1648 2552 tyrannis

353 2567 538 2637 quibusdam,
561 2579 593 2618 eo
616 2565 840 2630 crudelioribus,
864 2567 941 2634 quod
961 2566 1012 2619 sub
1031 2566 1149 2635 pietatis
1168 2568 1316 2633 preelea'tu
1338 2569 1366 2616 et
1381 2562 1489 2640 Cbristi
1502 2567 1677 2631 caduceum

353 2666 434 2722 qreern
456 2647 669 2719 preferebant,
693 2664 787 2702 rueras
802 2649 954 2703 Busiriiles
976 2648 1124 2719 referrent
1145 2656 1172 2702 et
1195 2648 1278 2717 lupos
1300 2649 1518 2717 rapacissimos,
1542 2650 1647 2705 Rorna-

352 2734 487 2790 nensibus
510 2735 641 2802 iriquum,
665 2748 735 2802 quos
757 2733 840 2787 bodie
863 2742 978 2801 iruerint,
1001 2735 1052 2804 qut
1065 2734 1223 2788 libertatem
1239 2740 1381 2798 nostram,
1405 2749 1491 2802 quam
1507 2735 1555 2789 ille
1571 2737 1648 2790 nobis

352 2820 467 2875 dorsuoit
489 2833 616 2871 summus
639 2832 674 2870 ac
694 2818 840 2886 piissimas
861 2818 1016 2889 lepisdator
1039 2824 1136 2872 reoster
1159 2816 1303 2882 Cbristus,
1332 2819 1488 2873 mendaciis
1509 2826 1538 2873 et
1560 2823 1646 2891 impo-

351 2905 442 2960 sturis
464 2902 633 2973 quibusdam
656 2903 753 2955 amiati
773 2907 841 2956 sient
862 2902 1027 2957 subuertere
1052 2944 1179 2956 ......
1226 2901 1319 2969 Qiritm
1341 2903 1438 2972 itaque
1461 2918 1493 2958 eo
1511 2906 1645 2974 prolabe-

259 3041 262 3048 .
352 2997 455 3044 rentur
482 3003 530 3042 res
560 2994 680 3053 nostrie,
711 2991 741 3040 ut
766 2995 858 3057 neque
884 3002 951 3056 spes
979 2993 1054 3042 esset
1081 2988 1159 3041 ultra
1182 2988 1333 3056 potiundis
1362 2987 1518 3054 libertatis,
1548 2997 1575 3044 ct
1597 3005 1677 3043 rer-ni

350 3074 450 3145 piendi
470 3088 561 3143 rreqete
584 3073 684 3126 rnodus
705 3077 779 3126 esset
801 3086 892 3141 neqtee
912 3072 995 3142 finis,
1014 3072 1198 3141 prouidentia
1221 3072 1345 3142 qiiaiaara
1369 3077 1396 3125 et
1417 3072 1465 3126 dei
1485 3078 1544 3143 opt.
1566 3092 1644 3128 iriae.

351 3160 562 3229 dispensatione
589 3158 651 3211 liare
676 3162 748 3210 aetits
775 3157 846 3211 duos
868 3158 1109 3227 prudentissimos
1136 3163 1163 3210 et
1189 3157 1432 3226 eloqitcntissioros
1465 3159 1543 3213 airas
1569 3160 1647 3214 nobis

347 3244 504 3315 produxit,
528 3240 687 3296 Martinam
710 3241 833 3307 Lutber,
859 3249 970 3311 praeter
992 3242 1129 3313 insipnem
1152 3242 1338 3296 cruditionem
1361 3243 1442 3294 mireo
1459 3244 1593 3312 pietalis,
1621 3250 1647 3297 el

351 3330 473 3383 alterum
504 3326 648 3381 Vlricburn
672 3325 707 3379 ab
730 3325 853 3393 Hutten,
884 3327 1004 3395 equitem
1029 3326 1217 3392 Germanum,
1241 3326 1389 3380 militarem
1413 3326 1569 3394 bominem,
1597 3329 1647 3382 secl

351 3414 400 3484 qui
425 3414 500 3466 inter
528 3412 707 3465 militandum
736 3413 819 3464 etiam
850 3412 972 3479 optimas
999 3410 1101 3465 literas
1123 3427 1178 3464 riou
1202 3412 1375 3480 neplexerit,
1410 3418 1440 3465 ut
1463 3413 1578 3467 nescias
1600 3414 1676 3467 cuin

281 3528 284 3535 ·
349 3497 516 3560 strenuuius
532 3497 707 3561 militaverit,
731 3495 860 3550 Bellonoe
875 3512 914 3549 an
928 3495 1027 3549 literis.
1063 3495 1118 3548 llis
1138 3495 1284 3565 iridipnum
1306 3496 1446 3567 simulque
1468 3498 1646 3551 intolerabile

350 3582 438 3637 nisum
461 3588 516 3647 est,
541 3582 591 3651 qui
612 3580 719 3634 diutius
740 3581 914 3641 serviamus,
938 3583 967 3632 el
987 3581 1083 3650 inpura
1106 3579 1407 3659 illud-Pharaonicarn
1430 3581 1487 3635 nisi
1507 3588 1574 3635 sunt
1598 3582 1646 3635 ab·

349 3681 492 3736 rumpere.
536 3666 667 3720 Primum
690 3664 801 3734 quidem
823 3665 940 3733 scriptis
963 3665 1120 3719 nrirroribus
1142 3665 1383 3730 clementiuseulc,
1412 3666 1487 3719 alter
1512 3668 1646 3736 proposi·

349 3751 484 3817 tionibus,
508 3751 582 3804 alter
605 3749 787 3818 lepidissimis
809 3748 928 3818 dialopis
950 3749 1025 3803 lusit.
1071 3751 1098 3802 in
1122 3749 1156 3803 iis
1179 3750 1266 3803 multa
1288 3752 1400 3820 copiose
1422 3755 1449 3804 et
1471 3751 1585 3805 erailr'te
1608 3766 1646 3805 ec

349 3836 504 3905 scripturis
526 3835 629 3888 diuinis
651 3836 851 3888 ilisseruernat
877 3834 912 3887 de
932 3835 1041 3903 pietate
1065 3834 1242 3899 Christiana,
1271 3836 1306 3888 ile
1334 3835 1484 3899 modestia,
1513 3836 1549 3889 de
1576 3848 1677 3905 syn-m

349 3922 482 3985 ceritate,
512 3920 547 3974 de
572 3916 761 3990 trepidante,
790 3917 923 3996 ueritate,
952 3920 1079 3983 iusticia,
1105 3919 1178 3988 fide,
1207 3920 1340 3986 scicntia,
1364 3919 1510 3982 castitate,
1538 3926 1565 3972 et
1589 3937 1645 3974 reon

345 4020 457 4074 patricos
480 4006 508 4057 in
531 4020 613 4058 sucini
637 4007 794 4057 traxerunt
811 4006 995 4070 sententiam,
1018 4004 1109 4058 donec
1131 4005 1187 4056 iam
1210 4019 1305 4059 onincs
1328 4004 1519 4075 resipuerint:
1549 4019 1645 4058 ricrrro·

347 4183 470 4233 CCXIII.
501 4186 611 4232 Onnnro
627 4181 631 4248 Ι
648 4184 682 4233 ad
701 4183 828 4232 Cnrolum
848 4184 1005 4243 maximum,
1026 4184 1189 4250 Augustum,
1206 4182 1249 4261 b&
1262 4184 1575 4249 GermaniaPrincipcs‚
1597 4202 1645 4248 pro

346 4266 479 4333 Victrieho
492 4269 630 4327 liutteno,
652 4267 743 4330 equite
763 4266 924 4331 Gerlmano,
944 4268 966 4317 δι
984 4270 1105 4319 Martino
1121 4267 1125 4334 Ι
1141 4270 1276 4332 Luthero,
1294 4269 1298 4333 Ι
1313 4271 1430 4329 Patriae,
1450 4267 1645 4333 &ChrIItinns

315 4385 317 4390 -
348 4353 489 4404 libertatis
504 4352 509 4415 Ι
526 4349 712 4402 adsertoribus
729 4350 732 4414 Ι
750 4364 758 4379 ·
774 4350 778 4412 Ι
793 4350 916 4400 Authore
935 4352 962 4401 S.
982 4354 1128 4416 Abydeno,
1146 4350 1151 4420 Ι
1167 4354 1291 4415 Corullo,
1308 4352 1312 4418 Ι
1329 4355 1418 4404 Germ.
1435 4352 1440 4418 Ι
1456 4356 1486 4414 ‘,‘
1504 4353 1643 4417 l(10soll.

877 4440 902 4484 in
915 4437 951 4485 4⁰.
970 4453 991 4484 s.
1005 4441 1021 4485 l.
1035 4445 1060 4487 et
1073 4438 1109 4499 a.)

414 4623 435 4657 ¹²
457 4627 499 4675 De
523 4625 576 4674 hoc
599 4616 781 4689 ψευδωνύμῳ
805 4624 950 4687 Abydeno,
977 4624 1102 4687 CornIlo,
1128 4626 1207 4674 cuius
1234 4625 1319 4673 etiarn
1342 4625 1372 4673 in
1389 4625 1508 4674 Hutteni
1532 4625 1643 4675 laudem

346 4711 491 4774 compositi
506 4711 632 4759 ‘nranoor
648 4706 653 4772 Ι
669 4707 786 4774 septem,
803 4707 903 4759 festiue
918 4709 1038 4760 candidi.
1055 4710 1059 4772 Ι
1074 4707 1188 4759 Manius.
1206 4706 1209 4772 Ι
1226 4708 1350 4759 Carolus.
1366 4706 1384 4773 Ι’
1398 4715 1446 4759 etc.
1461 4716 1486 4758 ia
1501 4710 1537 4759 δ”.
1550 4727 1573 4759 s.
1587 4716 1604 4759 t.
1619 4719 1643 4761 et

345 4811 369 4843 u.
389 4796 417 4843 In
437 4795 498 4859 ipsa
517 4809 609 4843 eorum
627 4794 810 4857 inscriptione
830 4809 890 4842 esse
910 4794 1047 4855 feruntur,
1069 4809 1180 4858 quorum
1200 4794 1316 4842 eundem
1327 4794 1480 4844 Huttenum
1500 4801 1644 4845 auctorem

345 4880 431 4928 fuisse
451 4880 529 4929 multi
548 4885 652 4940 temere
671 4878 806 4943 suspicati
825 4883 903 4938 suut,
927 4878 1045 4927 nondum
1066 4883 1183 4927 constat.
1221 4879 1283 4927 Iure
1303 4877 1469 4940 consultum,
1490 4896 1545 4928 non
1565 4881 1642 4932 theo-

345 4962 435 5026 logum
455 4980 542 5028 neque
562 4965 688 5013 artistam
708 4978 782 5023 cum,
807 4963 856 5011 sed
880 4969 956 5010 certe
974 4964 1127 5011 Hnttenum
1150 4978 1203 5011 iren
1228 4963 1315 5011 finisse
1338 4962 1405 5012 mihi
1423 4963 1519 5013 videre
1538 4965 1644 5015 videor.

344 5047 537 5111 Abydenorum
555 5048 739 5113 sycophantia
757 5063 790 5096 ex
807 5052 932 5096 veterum
950 5047 1117 5111 proverbiis,
1142 5046 1353 5111 pellitorumque
1372 5047 1558 5110 Corallorum,
1584 5051 1643 5113 My-

345 5130 394 5181 aiae
414 5132 554 5182 inferiorIs
572 5132 680 5199 populi,
700 5131 818 5196 inpolita
837 5130 975 5196 asperitas
993 5130 1039 5181 vel
1059 5146 1092 5180 ex
1111 5130 1212 5182 Ouidio
1230 5135 1298 5181 nota
1315 5136 1388 5182 sunt.
1440 5130 1462 5164 ²⁸
1475 5132 1588 5184 bellona
1601 5136 1642 5185 ed.
