4067 6209
466 782 539 855 370
576 791 747 845 CLXXXVI.
767 805 1065 843 pernumerentur.
1094 787 1280 842 CLXXXVIL
1295 803 1483 841 uenenorum.
1500 801 1778 840 succurramur.

467 974 494 1029 in
517 987 661 1045 personam
683 965 819 1041 pontilicis
841 973 997 1039 raperetur:
1028 965 1092 1040 quin
1114 966 1186 1021 enirn
1209 973 1236 1020 et
1258 964 1364 1021 facilius
1385 973 1415 1021 et
1437 965 1537 1021 verius
1571 962 1700 1019 seribere
1721 981 1778 1037 pos·

467 1058 547 1114 snm?
575 1056 707 1110 Caeterum
730 1052 821 1107 setlem
844 1052 929 1125 ipsam
953 1058 1036 1106 etue
1059 1052 1179 1106 atrocius
1210 1058 1322 1106 tractem
1352 1050 1425 1105 iuter
1454 1049 1663 1110 scribendum,
1690 1066 1778 1104 caren-

467 1144 530 1198 tlum
553 1139 606 1196 erit
627 1137 709 1193 mihi:
732 1142 895 1209 aspergetur
918 1144 1006 1191 tamen
1031 1134 1086 1190 sale
1109 1150 1168 1191 suo.
1213 1134 1315 1190 Hutten
1338 1134 1432 1190 literas
1456 1134 1492 1190 atl
1515 1152 1564 1190 rue
1581 1134 1660 1189 dulit
1678 1134 1775 1206 ingenti
1824 1203 1828 1208 Ι

467 1226 566 1301 spiritu
588 1229 736 1279 aestuantes
758 1220 786 1275 in
809 1220 956 1275 llomanunr
979 1220 1148 1294 pontificem.
1179 1219 1301 1275 scribens
1329 1236 1358 1275 se
1388 1219 1440 1275 iam
1470 1227 1500 1275 et
1522 1218 1624 1274 literis
1647 1226 1678 1274 et
1700 1219 1776 1274 armis

467 1312 495 1367 in
518 1308 685 1384 tyrannidem
709 1303 903 1361 sacerdotalem
926 1322 1021 1365 ruere,
1055 1312 1146 1360 motus
1176 1305 1250 1378 quod
1279 1305 1402 1377 pontifex
1428 1304 1501 1360 sicas
1532 1312 1566 1359 et
1597 1320 1735 1359 venenum
1755 1306 1794 1357 eis

467 1393 623 1455 intentarit,
646 1408 677 1447 ac
699 1390 830 1464 episeopo
852 1388 1013 1462 llognntino
1036 1390 1169 1444 mamlarit
1191 1396 1299 1464 captum
1322 1397 1351 1445 et
1371 1389 1493 1445 vinetum
1513 1389 1638 1447 Romam
1661 1389 1775 1444 mittere.

468 1479 636 1551 Odignam.
659 1475 762 1547 inquit.
785 1491 856 1529 carco
879 1473 1007 1547 pontifice
1030 1474 1201 1529 dementiam.
1247 1473 1354 1529 Videbis
1377 1473 1533 1547 exemplar.
1565 1474 1617 1529 uhi
1647 1491 1776 1547 recepero

468 1564 502 1620 ab
518 1563 633 1618 llenrieo
649 1560 807 1615 Stromero:
836 1559 859 1612 is
882 1559 953 1613 enim
975 1559 1071 1632 petivit
1094 1559 1192 1614 videre.
1229 1557 1360 1614 Malorum
1374 1575 1463 1615 eausae
1479 1559 1607 1620 accedit,
1633 1559 1712 1632 qnorl
1727 1560 1778 1632 epi·
1840 1575 1844 1588 ·

469 1665 569 1721 scopus
585 1645 761 1718 lloguntinus
777 1660 826 1716 per
840 1643 987 1698 conciones
1004 1644 1150 1704 mandavit,
1172 1642 1285 1699 llutteni
1305 1643 1414 1699 nomine
1430 1660 1584 1717 expresso,
1609 1643 1703 1699 libros
1724 1644 1776 1698 eim

468 1740 565 1790 contra
580 1731 728 1786 Romanum
744 1725 899 1802 pontificem
916 1745 1004 1801 neque
1021 1727 1074 1800 legi
1091 1745 1180 1801 neque
1196 1729 1262 1790 erni,
1287 1727 1338 1784 sub
1353 1728 1654 1783 excommunicationis
1672 1736 1802 1783 sentent·

470 1818 521 1881 tia.
545 1816 650 1871 adiecto
666 1815 694 1868 in
709 1812 761 1867 fine
778 1811 897 1866 ‘eandem
914 1813 1077 1867 sententiam
1092 1813 1125 1868 ‹le
1141 1812 1275 1868 similibus
1291 1812 1383 1873 lihris'.
1406 1812 1453 1868 uhi
1468 1830 1549 1869 meos
1567 1812 1684 1869 occulte
1701 1821 1777 1868 taxat.

469 1902 568 1958 Verum
591 1901 614 1955 si
637 1906 664 1954 et
687 1915 729 1953 me
752 1898 789 1951 ita
812 1897 970 1972 nominatim
994 1898 1163 1958 tractaverit,
1188 1898 1297 1971 iungam
1321 1896 1439 1953 lluttene
1463 1905 1491 1952 et
1513 1915 1611 1953 meum
1642 1899 1776 1972 spiritum.

470 1988 507 2043 ita
529 2003 573 2041 me
600 1990 793 2043 excusaturus,
828 1988 858 2035 nt
887 1983 1045 2055 episcopum
1072 1983 1260 2055 lloguntinnm
1289 1999 1343 2038 non
1372 1982 1422 2037 sim
1456 1981 1674 2039 letificaturus:
1710 1984 1778 2038 sorte

470 2072 551 2127 linem
573 2068 709 2143 tyrannidi
733 2084 789 2121 suae
812 2066 864 2139 ipsi
887 2066 938 2120 silei
961 2065 1115 2121 accelerant
1138 2067 1189 2122 lroc
1211 2067 1337 2123 consilio.
1382 2067 1422 2121 Ad
1444 2084 1487 2122 me
1510 2067 1601 2123 redeo
1625 2110 1776 2122 .......

733 2151 771 2207 Tu
795 2150 851 2205 hoec
874 2149 938 2205 honi
961 2151 1087 2212 consule.
1118 2152 1226 2207 etrele
1249 2151 1424 2215 indomiuo;
1453 2168 1519 2207 cura
1551 2160 1666 2214 auteur,
1696 2170 1731 2208 ne
1751 2162 1804 2207 eto

471 2239 588 2316 principi
611 2245 708 2294 nostre
731 2243 822 2309 patent
845 2252 970 2291 accessus
993 2237 1108 2309 passim.
1132 2252 1166 2292 ne
1188 2245 1216 2292 et
1240 2236 1327 2310 ipsum
1351 2244 1426 2310 petat
1439 2253 1549 2291 veneno
1567 2237 1691 2310 aliquis:
1714 2237 1776 2292 nihil

471 2342 526 2381 uon
550 2323 694 2379 tentabunt
716 2321 913 2381 Romanenses‚
937 2337 986 2375 nee
1010 2328 1103 2394 potest
1125 2321 1191 2377 satis
1214 2321 1350 2378 lluttenus
1372 2338 1414 2376 me
1443 2317 1576 2386 monem
1611 2322 1688 2378 adeo
1716 2323 1777 2377 milri

470 2411 504 2466 de
526 2426 631 2464 veneno
654 2408 740 2462 timet.
763 2403 979 2477 Wittembcrgae.
1004 2405 1148 2462 Undecima
1171 2405 1347 2480 Septembris.
1369 2408 1447 2461 Anno
1470 2406 1606 2461 tinum.

1425 2491 1561 2547 llartiuus
1585 2491 1738 2547 lutherus.

501 3007 732 3076 memnonem]
983 2992 1253 3070 CLXXXVII.
1339 2971 1346 2977 -
1441 3008 1481 3077 [n.
1495 3027 1663 3064 serranum
1679 3011 1758 3080 ltu-t]
1780 3026 1800 3066 rt

473 3081 743 3093 —-.--—--

927 3168 1098 3226 PlllLlPPVS
1112 3168 1314 3225 MELANTHON

924 3265 1053 3317 IOANNI
1071 3266 1323 3318 SCHWEBELIO.

560 3390 650 3452 Salve.
674 3390 777 3463 optime
799 3388 940 3445 lohannes.
985 3388 1098 3445 Falleris
1121 3392 1144 3445 si
1166 3390 1244 3445 cuius
1265 3388 1354 3445 credis
1379 3388 1445 3444 milri
1471 3379 1654 3447 iucundiores
1683 3391 1773 3449 literas

380 3462 384 3469 ’
474 3494 535 3534 esse
558 3494 637 3550 qnam
660 3483 720 3530 tuas
744 3516 1011 3528 ............
1035 3475 1253 3530 Romanistarum
1276 3474 1347 3528 leees
1370 3473 1435 3528 nihil
1459 3475 1628 3531 metuimus:
1658 3478 1682 3532 si
1710 3478 1773 3532 cleos

473 3580 524 3636 pro
548 3561 639 3622 nohis,
663 3560 724 3633 quis
746 3567 841 3615 contra
865 3559 933 3614 nos?
967 3559 1044 3614 llitto
1069 3560 1117 3615 tihi
1140 3559 1281 3632 legendam
1304 3558 1414 3613 llutteni
1438 3558 1597 3633 epistolam,
1630 3579 1713 3617 uuam
1742 3574 1799 3616 eso

474 3647 567 3704 multis
571 3686 741 3700 ........
759 3644 797 3699 Tu
820 3662 871 3718 per
893 3644 1063 3700 occasionem
1086 3645 1230 3718 responde.
1383 3634 1389 3647 ’

1487 3728 1636 3805 Philippus
1660 3740 1732 3787 tuus·
1794 3813 1800 3825 θ

474 3947 661 3999 CLXXXVII.
693 3944 1179 4011 I=CenturieEpptheologicar.
1201 3946 1307 3995 adloe.
1321 3944 1531 3996 Schwebolium.
1555 3946 1623 4012 Bip.
1640 3947 1714 3998 1597.
1737 3947 1770 3997 8⁸.

474 4050 500 4097 p.
513 4032 539 4082 8.
553 4048 593 4096 sq.
607 4047 680 4082 n.1v.
750 4030 1164 4094 2=CorpnsResorn1at0rum
1184 4029 1225 4079 ed.
1244 4030 1467 4080 Brctsehneider.
1492 4029 1554 4080 Vol.
1568 4032 1590 4080 1.
1617 4033 1685 4083 Hal.
1702 4033 1770 4083 1831.

994 4116 1030 4163 4⁰.
1050 4132 1075 4180 p.
1088 4114 1147 4164 203.
1167 4131 1193 4164 u.
1207 4113 1249 4167 88.

543 4285 603 4328 Μῆ-
623 4284 665 4335 CI.
680 4299 764 4349 supra
780 4301 806 4349 p.
820 4283 878 4333 364.
897 4284 948 4345 57.
1019 4284 1041 4315 ²³
1066 4284 1173 4351 literas]
1198 4276 1356 4337 recentiores
1380 4301 1453 4351 qnam
1475 4300 1517 4349 ep.
1536 4285 1603 4335 (1.4.
1618 4286 1679 4337 Iure.
1702 4287 1770 4338 1520.

473 4376 588 4436 scrr'ptoe,
606 4371 655 4420 aed
671 4386 721 4420 ron
739 4375 881 4419 exstantes.
901 4372 994 4419 utinum
1012 4374 1200 4435 reperirentur.

542 4454 564 4488 ²⁵
583 4452 677 4520 epist]
695 4457 731 4506 ad
748 4455 885 4504 Lntherum
902 4456 928 4503 d.
947 4455 972 4504 4.
988 4456 1045 4505 Iun.
1059 4474 1084 4505 a.
1101 4454 1173 4505 1520.
1192 4460 1322 4519 sern'ptam.

942 4725 1326 4741 ——-—-——-
