4067 6209
457 748 533 821 228
598 763 722 816 xtt'ttt.
737 778 859 813 ararent
873 777 910 813 aa
923 779 1042 813 assera.
1058 779 1124 812 usna.
1139 778 1224 812 eur.
1241 779 1295 812 rra.
1311 778 1345 812 ue
1358 780 1472 814 armac.
1488 774 1546 814 rats.
1562 781 1582 815 ι.
1595 779 1621 814 r.

457 936 666 997 melliferarum
692 936 791 1013 apium
819 933 999 1000 alvearibus,
1032 933 1060 992 id
1090 943 1133 992 est
1161 953 1176 991 a
1205 935 1503 994 fnrrtuasissimarum
1532 933 1755 1012 disciplinarum

366 1035 369 1040 ’
413 1038 552 1105 ‚neultra
582 1047 611 1095 et
639 1038 754 1096 tristiter
781 1039 875 1095 areeri
903 1045 933 1094 et
958 1034 1078 1112 lengruu
1108 1035 1227 1095 exulare
1255 1046 1442 1113 cognoscent.
1488 1037 1650 1097 Pamumus
1675 1037 1754 1095 enim

456 1159 515 1199 nan
543 1140 653 1216 eptime
680 1146 869 1215 prospectum
892 1136 977 1195 nabis
999 1138 1115 1205 dicere,
1146 1158 1213 1196 rum
1236 1147 1282 1199 tu.
1313 1147 1411 1198 tantus
1433 1148 1590 1217 patrunus,
1619 1146 1681 1196 tam
1703 1136 1755 1197 be·

456 1244 544 1319 nigrae
572 1240 657 1300 rrulris
681 1239 830 1298 arrideas?
864 1240 947 1298 errius
975 1240 1017 1298 rei
1046 1241 1172 1316 primurn
1202 1242 1367 1299 Germaniae
1396 1240 1607 1299 documentum
1639 1257 1675 1297 er
1707 1257 1755 1297 me

457 1343 580 1420 praeliit,
608 1361 696 1419 quem
726 1350 756 1399 tu
785 1342 813 1399 iu
842 1340 1065 1400 familiaritatem
1089 1350 1116 1399 et
1139 1343 1168 1400 iu
1191 1344 1286 1402 sirrtrm
1309 1342 1382 1400 adea
1405 1351 1487 1400 tuum
1511 1361 1578 1400 rum
1600 1342 1789 1417 arriperess

456 1446 600 1523 primum,
623 1441 750 1501 eliseure
772 1441 919 1500 sierrtiebas
941 1461 1006 1520 qua¹
1029 1443 1183 1501 «laetamur
1208 1444 1358 1502 bantinum
1388 1445 1567 1520 expectatio,
1595 1460 1663 1519 quae
1693 1444 1756 1519 opi·

456 1546 519 1612 uin,
547 1544 627 1622 qued
657 1544 796 1602 iudicium
827 1552 919 1610 esset,
951 1552 978 1602 et
1008 1562 1066 1601 narn
1095 1545 1182 1601 tarite
1210 1543 1385 1602 mussitabas
1406 1553 1504 1603 terum
1528 1545 1590 1620 ipse
1613 1542 1756 1620 Vergilia·

456 1666 527 1706 ιιιιιιι
550 1644 636 1713 ttlud,

785 1729 861 1787 feret
882 1727 945 1788 luee
967 1727 1093 1806 aliquam
1116 1728 1167 1787 tibi
1191 1730 1266 1788 fama
1289 1728 1421 1790 salutem.

402 1834 506 1905 etsie
529 1841 574 1892 est
596 1832 744 1910 prefecto,
774 1831 886 1909 fuitque
908 1848 966 1888 nen
990 1832 1087 1889 minus
1114 1831 1274 1890 iuemrdum
1297 1830 1348 1889 tibi
1372 1830 1449 1909 qued
1474 1830 1587 1889 rideres
1609 1830 1689 1890 haud
1713 1832 1793 1889 ιιι-ιο

459 1935 548 2011 digne
576 1933 644 1992 liare
671 1934 797 2010 quesitum
825 1940 909 1992 tuum
940 1932 1129 2000 benefitium,
1158 1951 1245 2009 quam
1268 1932 1340 1992 milri
1363 1930 1514 2008 plausibile
1536 1932 1615 2010 quad
1643 1951 1680 1991 ex
1709 1931 1758 1992 illa

460 2035 609 2096 cummuni
632 2034 795 2093 studiorum
819 2033 972 2093 iactatione
996 2041 1090 2094 tutum
1114 2043 1142 2095 et
1163 2034 1321 2095 salutarem
1341 2036 1513 2093 invenissem
1529 2036 1589 2093 etia
1604 2053 1672 2094 meo
1688 2052 1759 2111 pnr-
1798 2055 1803 2062 ·

403 2146 530 2204 satum.
577 2138 670 2215 Atque
693 2138 769 2195 inter
792 2144 895 2195 catera
919 2155 983 2213 quae
1013 2136 1147 2195 familiari
1175 2155 1253 2213 sape
1276 2134 1356 2196 vultu
1379 2136 1496 2195 confers
1519 2154 1649 2202 merum,
1681 2135 1759 2194 bene

458 2258 579 2318 sperare
601 2258 655 2298 nas
677 2238 774 2306 iubes,
804 2237 860 2296 latre
883 2238 1072 2313 promittens,
1095 2245 1237 2316 quantum
1260 2239 1288 2295 in
1312 2245 1340 2296 te
1362 2238 1398 2296 sit
1421 2239 1563 2297 munitam
1579 2238 1654 2296 banc
1672 2237 1760 2296 nobis

458 2342 494 2401 ad
524 2342 552 2400 id
582 2360 641 2419 tque
667 2341 815 2400 tendimus
843 2340 916 2399 riam
940 2358 1012 2398 esse.
1058 2358 1116 2418 qua
1139 2348 1187 2398 tua
1211 2341 1302 2416 gratia
1325 2340 1417 2398 fretus
1439 2357 1527 2398 ausus
1549 2358 1630 2407 sum,
1658 2346 1690 2398 ut
1713 2340 1794 2399 iura

458 2444 567 2504 sultare
590 2442 737 2512 barbaris,
761 2444 799 2501 ita
822 2441 856 2501 ad
881 2460 930 2500 res
950 2440 1165 2518 peteturranas
1180 2443 1307 2500 excitare
1322 2440 1463 2519 aequales:
1487 2448 1516 2499 et
1531 2441 1645 2518 quoties
1661 2438 1760 2518 aliqua

441 2546 602 2606 ‘incumbit
624 2545 827 2622 persequutio,
850 2543 887 2603 ad
910 2550 939 2602 te
961 2542 1047 2602 veluti
1070 2543 1107 2602 ad
1130 2561 1285 2603 commune
1308 2542 1454 2620 quoddam
1478 2542 1624 2601 borrtarnnr
1644 2540 1759 2620 asylum

460 2667 532 2707 mea
555 2666 591 2706 ex
614 2646 698 2705 banis
719 2644 860 2722 aliquem.
884 2644 941 2703 bae
963 2646 1061 2722 magni
1083 2646 1188 2704 iterum
1212 2651 1307 2722 poetae
1329 2644 1526 2721 ingeminans,

693 2746 757 2805 llue
780 2746 897 2805 tandem
920 2746 1065 2814 cencede,
1092 2746 1155 2806 baec
1177 2764 1227 2806 ara
1249 2744 1380 2806 tuebitur
1401 2764 1519 2813 omnes,

461 2857 557 2916 martti,
581 2848 660 2926 quud
676 2848 820 2917 ridemus,
845 2849 957 2913 fructu,
981 2855 1013 2906 ut
1035 2849 1092 2906 iarn
1115 2845 1223 2907 multas
1245 2846 1313 2906 hinc
1336 2848 1495 2914 erexerim,
1519 2846 1662 2924 quosdam
1678 2845 1795 2909 illinere

393 2952 715 3029 §.reimpatientissime
737 2969 791 3008 sua
814 2950 931 3010 fremitu
954 2949 1112 3009 abiererim
1135 2968 1169 3007 ac
1192 2949 1396 3027 depresserim.
1435 2948 1478 3007 Eu
1501 2956 1644 3007 teanum
1669 2949 1761 3025 igitur

462 3054 596 3120 suttune,
627 3056 677 3111 aut
700 3059 780 3112 certe
800 3062 842 3111 'ex
871 3052 1054 3128 peritissimis
1076 3069 1183 3118 uuum,
1212 3052 1258 3109 rui
1281 3069 1336 3128 ege
1359 3049 1474 3119 arulas
1508 3052 1554 3110 eui
1576 3048 1760 3110 intellectum

463 3174 526 3213 esse
549 3155 653 3213 alicam.
698 3153 776 3230 ιμιιιιΙ
800 3153 836 3212 de
859 3161 887 3211 te
910 3153 1042 3213 scribere
1065 3153 1131 3231 qum
1159 3170 1256 3229 neque
1285 3171 1338 3228 pre
1367 3160 1500 3228 tempere
1529 3159 1588 3217 est,
1618 3158 1707 3228 atque
1737 3152 1762 3210 is

463 3266 506 3316 est
528 3264 596 3315 tuus
619 3254 730 3314 eander
758 3262 789 3314 ut.
818 3253 978 3333 quamlibet
1006 3255 1093 3313 etiarn
1123 3253 1237 3314 laudem
1266 3254 1453 3313 immodicam
1482 3254 1643 3322 existimes,
1673 3252 1761 3313 facile

463 3360 652 3436 adpraesens
676 3357 871 3435 supersedeo,
902 3355 981 3434 qued
1010 3364 1098 3432 eaput
1126 3364 1169 3415 est
1196 3355 1347 3415 irrrulcaus
1375 3355 1440 3422 tibi,
1471 3356 1527 3414 bne
1548 3353 1797 3419 munusculumas

463 3467 612 3538 gratanter
635 3466 667 3518 ut
689 3460 829 3536 accipias;
864 3458 943 3536 quod
966 3458 1020 3517 etsi
1049 3460 1186 3535 exiguum
1216 3465 1274 3526 est,
1305 3459 1376 3516 tanti
1405 3476 1420 3516 a
1450 3475 1497 3516 me
1525 3457 1557 3515 frt
1584 3465 1698 3525 taurea,
1730 3464 1763 3516 ut

463 3562 602 3640 magmmr
625 3561 694 3639 quid
717 3560 879 3637 perdidisse
903 3580 964 3627 ιιιιι,
987 3560 1011 3617 si
1036 3558 1072 3617 de
1096 3558 1181 3637 vulga
1204 3559 1521 3619 amicarum'tledieem
1542 3559 1570 3618 id
1586 3557 1689 3625 alicui.
1714 3578 1761 3620 ar-

395 3663 570 3735 enatare:
601 3682 668 3723 raam
692 3681 759 3723 curn
781 3682 845 3723 rem
868 3662 908 3722 ibi
930 3669 1054 3722 tractem
1077 3680 1143 3721 mee
1165 3661 1271 3721 iudicia
1288 3679 1493 3740 permagnam,
1516 3679 1575 3720 nau
1591 3661 1646 3719 nisi
1662 3663 1764 3739 magni

464 3765 542 3825 illam
570 3766 622 3824 riri
650 3765 787 3842 auspiciis
816 3765 915 3842 egredi
943 3763 1092 3823 solebam:
1129 3781 1166 3823 au
1195 3782 1253 3822 trau
1281 3763 1457 3841 praeclarum
1488 3762 1654 3822 existimare
1682 3761 1762 3830 lieet,

465 3867 602 3946 quiequid
627 3866 654 3926 tu
678 3873 735 3932 est,
766 3866 843 3947 (qued
867 3884 926 3926 uon
948 3866 1020 3925 milri
1043 3873 1170 3936 tarrtum,
1200 3866 1251 3926 sed
1275 3865 1385 3944 aliquet
1407 3872 1548 3942 praeterea
1571 3863 1701 3924 millibus
1724 3883 1800 3927 exaa

467 3987 580 4027 stamma
603 3967 807 4044 desperatique
830 3969 1013 4028 manifestam
1036 3969 1150 4044 peperit
1172 3966 1314 4027 salutem?
1346 3969 1400 4027 nisi
1424 3969 1462 4027 ita
1484 3965 1624 4027 colendus
1640 3972 1684 4024 est
1700 3967 1763 4025 aui·

398 4091 456 4140 tra.
469 4087 549 4135 rrius,
573 4076 605 4129 ut
626 4070 759 4146 carparis
781 4068 988 4129 atlmiuiculum
1012 4087 1066 4146 pre
1090 4068 1223 4146 neglecte
1245 4070 1360 4146 penitus
1376 4069 1526 4129 habeatur.
1565 4075 1594 4134 at
1608 4066 1657 4127 ille
1672 4067 1764 4145 ltpal-

468 4167 532 4228 linis
555 4167 674 4227 araenle
696 4170 812 4247 sapiens
834 4170 976 4230 iudicatus
999 4173 1136 4231 Serretes
1164 4173 1240 4230 iuter
1268 4189 1360 4248 patrea
1388 4170 1495 4261 bepam
1523 4169 1656 4245 eorporis
1679 4168 1765 4229 laabi-

468 4270 598 4330 tudiuem
622 4272 649 4329 iu
674 4276 739 4328 rete
761 4270 878 4340 lrabuit;
913 4271 1044 4350 Pyrrhus
1073 4272 1251 4332 elaris-simus
1279 4273 1465 4350 Epidaurum
1494 4290 1545 4330 rer
1568 4270 1645 4331 idem
1668 4290 1685 4329 a
1709 4271 1791 4331 diis·

468 4380 603 4451 preeatus
625 4371 748 4450 legitur,
779 4379 807 4432 et
830 4376 978 4434 ettrnmuui
1001 4377 1131 4435 tinrrrium
1156 4394 1299 4435 censensu
1322 4374 1469 4451 sapienter
1492 4392 1576 4433 erare
1599 4372 1803 4437 eredunturas

468 4476 517 4553 qui
540 4480 639 4542 eraut,

534 4661 546 4696 ²
564 4662 690 4712 exsulare
705 4663 796 4712 8...10.
832 4660 843 4693 ⁴
856 4659 973 4727 alueum]
987 4664 1177 4729 Panegyricus
1189 4662 1303 4711 Alberto
1316 4663 1483 4727 compositus
1502 4677 1526 4709 ιι.
1544 4659 1615 4709 1515.
1655 4660 1691 4693 Η
1704 4662 1767 4712 vir-

468 4748 706 4813 gilianum7...10.
776 4748 999 4797 actitaturus.
1066 4748 1086 4779 ¹³
1105 4749 1306 4797 celerat...10.
1372 4745 1393 4777 ¹⁵
1412 4747 1499 4794 arisim
1518 4746 1572 4793 inm
1586 4745 1618 4793 E.
1680 4762 1767 4797 aristas

469 4833 524 4883 ἰιιιιι
538 4837 563 4883 7.
600 4849 694 4883 ausum
715 4834 770 4881 ium
788 4836 875 4881 reteri.
914 4834 970 4895 seer·
987 4848 1068 4882 ausus
1087 4848 1154 4881 sum.
1226 4830 1246 4862 ¹⁷
1263 4832 1422 4896 persecutio
1436 4833 1526 4879 7...ra.
1598 4828 1714 4893 afyllum
1728 4833 1765 4881 B.

468 4917 489 4951 ¹⁸
508 4919 672 4970 l'oetealr.
734 4921 854 4982 posted.
919 4914 1018 4981 poetae]
1040 4916 1143 4980 Vergil.
1161 4917 1353 4965 Auertere.
1419 4913 1440 4946 ²¹
1456 4918 1520 4979 furt.
1540 4916 1641 4963 iustam
1665 4918 1764 4967 etieur.

468 5000 490 5033 ¹⁷
508 5001 646 5066 rtrulgod.
679 5003 818 5065 Cf.supre
837 5017 1019 5050 n.xcrv.xev.
1079 5000 1101 5031 ³⁰
1120 5001 1204 5049 miehi
1219 5001 1250 5049 B.
1312 5000 1422 5065 aliquod
1436 5002 1468 5049 B.
1535 4998 1766 5064 ³2⁹³appottints

472 5087 502 5135 I).
518 5089 542 5135 6.
595 5081 618 5116 ³⁵
636 5091 773 5151 praecatus
787 5088 812 5134 θ.
834 5087 876 5134 Cf.
890 5086 1010 5151 Appiae.
1025 5085 1057 5133 de
1072 5085 1128 5135 reb.
1143 5086 1236 5135 Sama.
1251 5086 1268 5134 i.
1284 5086 1303 5134 f.
