4067 6209
350 827 353 834 Ι
397 739 470 810 361)
508 752 639 803 CLXXV.
653 765 717 801 ses.
732 767 811 800 serr.
825 765 862 800 an
875 767 978 799 caess.
997 751 1144 802 CLXXVI.
1158 768 1255 801 rurrn.
1267 766 1304 802 ari
1316 766 1437 802 anessa.
1448 767 1497 802 nr.
1512 766 1539 801 n.
1549 759 1572 801 5.
1581 766 1642 801 rvr..
1651 758 1706 801 titt.
1722 752 1732 760 ’

399 931 465 985 tiant
490 929 638 983 ltouianiim
661 929 768 1000 iuguni.
799 926 1023 999 quomadmodum
1046 927 1165 1001 populus
1187 926 1269 983 lsrael
1293 926 1357 982 olim
1384 927 1511 984 excussit
1538 926 1639 1000 iugum
1660 925 1705 982 do·

400 1033 460 1070 iiius
483 1012 575 1073 ltaiid.
600 1020 827 1084 recesseruntque
850 1012 941 1067 decem
966 1013 1053 1068 tribus
1070 1011 1151 1067 lsrael
1174 1012 1255 1068 domo
1270 1012 1348 1068 llaiid
1372 1030 1462 1086 iisque
1487 1012 1515 1067 in
1538 1012 1616 1067 diem
1639 1011 1704 1068 hanc

399 1100 520 1155 dicentes
543 1096 616 1164 ‘Quae
639 1106 681 1152 est
705 1115 768 1170 pars
790 1106 884 1151 nostra
907 1098 934 1152 in
957 1098 1036 1153 llarid
1059 1097 1099 1152 rel
1124 1116 1184 1171 quae
1206 1098 1349 1153 baereditas
1371 1098 1398 1152 in
1422 1097 1481 1153 lilio
1506 1097 1613 1152 lsrael?
1641 1098 1702 1152 vade

343 1184 425 1246 §.aiu
451 1182 623 1239 tabernacula
646 1191 707 1244 tua,
731 1181 829 1237 lsraol'.
868 1182 911 1238 Sic
933 1192 961 1237 et
984 1184 1030 1238 isti
1052 1183 1168 1238 clamant
1192 1182 1265 1249 ‘Quae
1286 1191 1328 1237 est
1350 1200 1415 1256 pars
1436 1189 1538 1237 nostra
1563 1182 1702 1237 interlin·

399 1286 502 1330 ,manos
531 1275 578 1322 ant
607 1285 667 1341 quai
697 1267 840 1322 haereditas
868 1276 961 1322 nostra
992 1269 1017 1323 in
1047 1268 1177 1341 episcopo
1207 1268 1345 1323 lloniano‘t
1388 1267 1518 1340 uunquid
1553 1284 1613 1327 uon
1641 1275 1722 1322 sums

399 1344 538 1426 ,primates
560 1360 588 1407 et
610 1353 731 1425 episcopi
756 1352 782 1406 in
805 1351 960 1413 Germania,
985 1360 1014 1407 ut
1039 1370 1124 1425 usquo
1147 1353 1179 1407 ad
1203 1353 1299 1425 pedani
1323 1352 1415 1408 oscula
1438 1352 1554 1424 indigne
1579 1352 1703 1407 subiicia-

400 1456 468 1500 ,nius
499 1455 550 1492 nos
579 1437 709 1510 episcopo
733 1437 871 1491 lloiiiaiio'?
904 1436 1049 1511 Relinquat
1078 1438 1214 1492 Rullianus
1243 1436 1384 1492 Germania
1413 1446 1441 1493 et
1472 1444 1648 1499 revertatur,
1676 1446 1704 1492 et

400 1524 461 1584 ,iani
485 1530 638 1577 revertetur
654 1530 681 1576 et
696 1529 872 1577 concertatur
894 1522 926 1577 ad
949 1523 1079 1595 primates
1101 1531 1128 1577 et
1144 1522 1289 1595 episcopos
1305 1530 1331 1577 et
1347 1531 1474 1594 pastores
1491 1522 1592 1576 suos!'
1615 1521 1703 1582 Vides.

401 1625 533 1681 quorsum
556 1615 607 1661 ista
632 1608 764 1667 tendunt,
795 1613 823 1660 ct
846 1607 897 1661 iani
920 1608 1057 1680 principes
1080 1607 1185 1680 aliquot
1208 1614 1236 1662 et
1258 1606 1418 1680 respublicae
1441 1606 1503 1662 istis
1526 1623 1613 1662 aures
1636 1624 1706 1679 prce·

389 1693 473 1748 -bcut
519 1692 587 1759 Quid
609 1692 721 1748 Caesaris
744 1690 858 1746 valitura
880 1692 916 1747 sit
938 1693 1073 1747 autoritas
1096 1692 1202 1747 nescio:
1237 1709 1289 1764 ego
1316 1699 1391 1747 certe
1418 1691 1628 1764 contemplatus
1654 1692 1735 1747 hoii

400 1778 499 1833 niincrn
528 1784 616 1831 totum
639 1777 795 1832 Saturnium
824 1775 891 1831 nihil
921 1777 947 1832 iu
977 1776 1024 1831 illo
1053 1776 1132 1832 borne
1161 1776 1219 1849 spei
1242 1776 1392 1849 repositum
1414 1776 1519 1832 habco:
1560 1778 1621 1850 ipsa
1645 1794 1706 1850 quae

346 1869 556 1934 §.aseqnuntnr
579 1869 704 1934 tempora
730 1860 867 1916 docebunt
897 1861 1003 1934 qualem
1027 1862 1106 1917 nobis
1130 1861 1261 1934 elegimus
1276 1860 1417 1916 Cesarem.
1458 1860 1516 1935 Ego
1542 1862 1634 1917 adhuc
1657 1878 1707 1934 per

401 1947 473 2001 bunc
500 1963 601 2001 annum
623 1946 743 2001 Coloniae
771 1964 814 2000 nie
841 1946 1002 2001 continebo:
1038 1965 1099 2001 rere
1122 1947 1245 2019 proximo
1274 1946 1396 2018 migrabo
1425 1964 1524 2001 rursus
1550 1946 1578 2001 in
1603 1945 1707 2002 Saban-

400 2032 479 2087 diam.
524 2030 601 2085 blitto
624 2032 656 2087 ad
681 2040 707 2085 te
728 2029 866 2103 dialogum
889 2031 931 2086 cui
956 2049 1054 2087 nomen
1077 2047 1185 2087 nesso
1210 2045 1381 2094 iivsrrcvs,
1411 2030 1458 2103 qui
1482 2031 1509 2085 in
1535 2031 1634 2087 odium
1657 2033 1707 2085 Ar-

400 2116 528 2172 cimboldi
555 2116 638 2188 legati
667 2116 710 2171 bic
737 2116 908 2189 conscriptus
936 2124 993 2178 est,
1022 2123 1118 2172 autore
1147 2116 1239 2172 Sobio.
1284 2124 1312 2171 tu
1341 2116 1418 2171 mitte
1445 2115 1592 2172 residuum
1623 2115 1739 2172 llarcitt

402 2202 557 2257 llaiiiasceni
583 2207 666 2274 atque
694 2201 909 2275 experimentum
933 2201 1021 2273 Tyrii.
1051 2210 1078 2259 et
1101 2202 1164 2272 quid
1188 2200 1333 2257 llerbaiitia
1354 2208 1444 2256 vestra
1467 2200 1709 2275 metamorphosis

403 2286 531 2348 valuerit,
555 2286 656 2350 scribe,
680 2294 707 2343 ot
730 2285 796 2341 vale.
840 2285 877 2341 Ei
899 2286 1020 2341 Colonia.
1049 2292 1089 2346 16.
1112 2286 1191 2342 lunii
1215 2293 1290 2345 1520.
1624 2298 1629 2302 “

422 2551 511 2584 ionii.
948 2516 1158 2592 CLXXVI.
1513 2546 1536 2585 s.
1553 2553 1612 2586 m.
1630 2522 1691 2585 ito.

835 2658 1010 2715 vitabunt
1032 2661 1054 2714 Α
1077 2658 1267 2715 abaciacus

937 2761 1097 2801 eriarona
1120 2762 1163 2801 ao
1714 2771 1737 2811 ti

546 2839 746 2889 subuertit
765 2841 973 2893 EPISCOPVM
991 2843 1039 2891 ΕΤ
1058 2841 1282 2891 ELEO'POREM
1301 2838 1562 2890 MOGVNTINVM.

490 2945 720 3001 lloreremlissimc
737 2953 764 3001 ct
780 2946 963 3002 illustrissime
979 2948 1005 3002 in
1018 2948 1126 3003 tiliristo
1142 2956 1221 3020 pater
1236 2964 1266 3002 ac
1286 2946 1408 3005 domine,
1430 2944 1542 3001 domine
1558 2946 1706 3001 obseruan-

403 3031 522 3090 dissime‚
539 3030 715 3086 humillimam
730 3033 1001 3092 commendationem.
1037 3033 1207 3088 Clarissimus
1223 3032 1263 3086 vir
1274 3030 1399 3086 dominus
1410 3029 1593 3102 Hieronymus
1611 3030 1706 3085 Alcan-

404 3116 460 3176 ‹ler,
477 3116 587 3170 natione
603 3115 699 3178 baliis,
723 3118 808 3189 patria
826 3118 992 3179 lenientes,
1016 3118 1137 3173 moderni
1161 3116 1319 3172 leodiensis
1341 3115 1461 3188 episcopi
1483 3114 1564 3177 oliui.
1589 3124 1619 3169 et
1636 3133 1704 3170 nunc

405 3200 621 3273 reverendissimi
645 3209 671 3256 ot
695 3200 872 3258 illustrissimi
894 3202 996 3258 ‹loniini
1018 3201 1163 3257 cardinalis
1178 3202 1210 3258 de
1226 3201 1340 3258 Medicas
1356 3200 1534 3261 secretarius,
1560 3218 1590 3255 ac
1607 3201 1732 3255 summio

405 3284 540 3359 pontilicis
563 3285 799 3348 bibliothecarius.
823 3286 965 3348 llcliraice‚
990 3287 1096 3349 Graece,
1120 3288 1214 3342 latine
1235 3286 1357 3360 apprime
1372 3285 1483 3345 doctuS,
1507 3285 1556 3356 qui
1580 3301 1704 3340 reveren·

404 3370 521 3425 dissidiae
543 3380 571 3424 et
595 3369 786 3426 tttusinssima
807 3371 932 3444 dignitati
957 3379 1054 3426 vestrm
1077 3372 1125 3426 has
1148 3371 1242 3427 literas
1266 3370 1366 3430 reddit,
1390 3368 1641 3441 sedisapostolicae.
1658 3387 1703 3443 per

405 3453 560 3527 pontificem
583 3455 615 3510 ad
639 3472 741 3510 sacrani
756 3455 904 3511 Caesaream
926 3466 954 3511 ct
976 3455 1137 3512 catholicam
1159 3456 1327 3511 uiaiestateui
1350 3453 1461 3508 nuntius
1477 3453 1613 3509 mittitur:
1641 3454 1701 3509 Eam

406 3547 462 3594 tuni
487 3540 559 3611 quod
587 3539 651 3594 milii
680 3557 788 3613 seinpcr
817 3540 900 3595 luerit
925 3541 1067 3613 cognitus,
1100 3549 1156 3595 tum
1180 3540 1252 3612 quod
1276 3539 1384 3595 nomine
1406 3537 1545 3612 pontilicis
1568 3540 1641 3611 apud
1664 3557 1702 3593 re·

406 3623 625 3678 verendissimarn
655 3633 682 3680 et
710 3624 921 3680 illustrissimam
950 3626 1162 3682 dominationem
1190 3633 1307 3680 vestram
1334 3623 1368 3679 de
1398 3622 1539 3695 plerisque
1572 3624 1730 3696 negotiistt

407 3716 435 3762 iit
459 3706 492 3762 ab
516 3708 576 3781 ipso
600 3709 687 3764 lactus
710 3727 769 3766 suni
792 3711 908 3771 certior,
938 3717 1048 3765 aeturus
1078 3717 1163 3771 esset,
1193 3726 1304 3765 raetiam
1332 3708 1399 3763 meis
1428 3707 1515 3762 literis
1544 3707 1622 3764 abire
1650 3725 1700 3763 non

405 3787 652 3849 sum'arbitratus:
679 3793 765 3850 llabet
787 3795 871 3850 niulta
895 3795 928 3850 dc
951 3794 1044 3849 fratris
1066 3794 1172 3850 blartini
1196 3795 1305 3850 Lutters
1328 3793 1460 3854 novitate.
1484 3799 1511 3850 et
1535 3792 1619 3848 Ulriei
1639 3793 1702 3848 llut-

297 3903 331 3915 ·-
407 3883 452 3933 ten
482 3878 650 3940 temeritate.
680 3879 715 3934 ob
738 3880 827 3935 editos
850 3880 877 3935 in
900 3879 1038 3953 publicum
1062 3879 1089 3935 in
1112 3879 1202 3935 sedem
1226 3877 1402 3954 apostolicam
1424 3884 1452 3931 et
1474 3894 1621 3951 personam
1638 3895 1702 3952 pon·

407 4024 552 4074 CLXXVI.
583 4026 754 4077 Introductio
774 4029 801 4078 in
820 4028 965 4078 historiam
984 4028 1125 4094 evangelii
1144 4026 1238 4078 sectile
1257 4027 1329 4077 xvi.
1349 4025 1475 4075 renovati
1495 4025 1613 4075 authore
1632 4028 1701 4075 Dan.

407 4107 549 4157 Gerdosio.
571 4110 728 4176 Groningoe.
752 4111 825 4161 1741.
845 4112 880 4160 41.
900 4117 965 4161 tom.
980 4114 1002 4162 1.
1023 4114 1224 4162 Monumentor.
1238 4112 1367 4177 antiquit.
1387 4108 1569 4175 p.147...148.
1602 4111 1702 4172 (Parti-

502 4233 508 4244 .
577 4192 667 4243 culam
686 4196 814 4259 epistolae
832 4195 905 4246 malo
924 4198 1028 4262 repetit
1047 4197 1158 4246 bliinch.
1174 4196 1244 4261 Opp.
1258 4197 1338 4245 Hiitt.
1352 4196 1403 4243 ΙΙΙ.
1417 4211 1443 4259 p.
1457 4191 1528 4253 568.)

472 4326 599 4394 ³lsrcel]
618 4330 677 4379 lsai
694 4331 745 4379 111.
759 4332 828 4396 Reg.
842 4332 904 4381 x11.
921 4330 960 4381 lo.
1020 4333 1030 4363 ⁶
1049 4333 1147 4398 pedem
1165 4334 1225 4382 edii.
1284 4331 1458 4380 'reveratur
1475 4324 1538 4379 edic.
1598 4328 1618 4362 ¹¹
1640 4334 1667 4391 (ι’.
1681 4347 1702 4379 e.

405 4413 517 4463 saturno
535 4422 658 4479 regnante
676 4422 757 4464 utrum
775 4422 858 4464 natum
876 4433 909 4465 an
927 4420 1030 4466 electiori
1044 4420 1130 4467 dicere
1142 4420 1201 4467 uelit
1213 4418 1345 4481 Agrippa.
1365 4416 1461 4475 nescio)
1476 4413 1637 4463 Saturnium
1650 4430 1704 4463 ease

405 4515 454 4548 non
473 4500 611 4548 Haltenoiii
635 4499 676 4562 (nt
693 4502 816 4550 Meiners
834 4501 1187 4565 Lebensbcsebreibungcu
1206 4501 1256 4550 111.
1271 4517 1296 4565 p.
1313 4499 1369 4549 itit).
1389 4504 1445 4548 not.
1465 4499 1483 4559 †
1502 4499 1705 4563 interpretatus

406 4584 458 4645 est)
477 4585 552 4640 dicit,
575 4586 624 4633 sed
642 4585 757 4635 Coretum
779 4586 810 4634 V.
830 4590 887 4650 imp.
904 4589 942 4634 sie
960 4587 1215 4650 appettutAprippa.
1280 4582 1301 4616 ¹²
1324 4585 1375 4643 §b
1396 4585 1434 4633 De
1452 4584 1491 4631 lu's
1509 4587 1534 4631 tn
1552 4585 1704 4647 proecedcii·
1733 4603 1741 4617 ·

403 4667 468 4717 tibus
491 4675 515 4717 et
538 4672 563 4716 in
582 4685 640 4734 sqq.
664 4686 723 4735 epp.
747 4670 862 4734 pluribus
879 4675 972 4733 agitur.
1026 4668 1082 4701 ¹³⁴⁴
1101 4669 1269 4718 Subaudiam
1287 4671 1349 4718 edit.

473 4750 494 4782 ¹⁹
517 4753 599 4802 Hunc
622 4754 819 4815 „Valentinum
844 4753 1029 4815 stertebas,
1054 4755 1076 4803 Ι.
1090 4754 1122 4802 V.
1136 4756 1170 4802 D.
1196 4753 1302 4818 aliquot
1326 4767 1412 4802 annos
1422 4752 1526 4823 atomis
1552 4757 1704 4810 versatum,

407 4841 435 4885 et
453 4836 598 4886 multarum
619 4836 813 4900 ecelesiarum,
834 4840 999 4903 Mogontiac,
1024 4837 1222 4903 Magdoburgi,
1248 4836 1429 4890 Frnneolordi
1449 4835 1483 4884 aid
1502 4837 1536 4885 D.
1557 4836 1706 4886 Boi-tholo-

407 4935 518 4983 maeum,
546 4927 573 4969 et
591 4922 798 4973 Hildesiensem
818 4924 981 4973 canonicum
1001 4927 1030 4971 ct
1048 4922 1254 4987 archiepiscopi
1271 4921 1429 4986 Mogontini
1446 4919 1475 4967 in
1494 4919 1610 4970 iudiciis
1629 4922 1707 4971 vica·

405 5005 487 5066 rium,
508 5007 746 5056 consentientibus
765 5007 906 5073 suffragiis
925 5008 1084 5072 episcopum
1104 5006 1206 5071 elegit'
1227 5006 1372 5072 collegium
1392 5004 1589 5054 canonicorum
1608 5006 1708 5057 Hilde-

404 5088 536 5138 siensium
549 5105 574 5139 a.
590 5089 663 5140 1537.
682 5091 804 5155 Chytraei
822 5092 951 5142 Saxonis.
965 5092 1031 5157 Lps.
1053 5088 1126 5139 1611.
1140 5090 1187 5139 fol.
1202 5108 1227 5156 p.
1242 5088 1301 5140 375.
1353 5089 1375 5121 ²⁷
1392 5095 1502 5140 vestras
1521 5088 1603 5139 Gerd.
