4067 6209
343 768 417 841 344
454 780 578 831 cultu.
599 793 874 828 areomaoorurnr
892 793 934 826 nr.
972 776 1093 826 CLXIV.
1113 792 1246 826 arruau
1262 787 1658 829 nuoan.nr.n.t.rurta:a.

343 956 509 1030 eloquentiae
527 953 586 1007 viri.
615 951 713 1007 Verum
736 968 770 1006 nc
794 952 845 1007 hoe
869 951 1000 1024 temporis
1024 949 1139 1031 articulo
1157 949 1224 1006 nihil
1245 951 1275 1005 ad
1299 958 1327 1006 te
1349 951 1481 1013 mittam,
1504 952 1581 1008 hune
1602 970 1658 1008 ser·

344 1059 451 1099 monem
477 1056 564 1095 ineunt
593 1036 699 1109 accipe,
729 1053 816 1109 nuper
845 1035 873 1090 in
896 1036 969 1091 Petri
997 1034 1138 1092 lloscllani
1163 1035 1364 1091 florentissimae
1393 1037 1482 1092 huius
1505 1038 1656 1093 alcaademia¹
1693 1083 1700 1092 .

345 1135 446 1182 nostra»,
469 1122 649 1180 moderatoris
672 1121 777 1177 laudem
799 1120 956 1194 panegyrici
976 1120 1031 1175 rice
1050 1138 1064 1175 a
1083 1137 1125 1175 me
1142 1120 1293 1176 habitum?
1305 1163 1516 1177 .........
1547 1122 1654 1196 Lipsiae,

345 1210 469 1267 Calendis
488 1208 579 1264 luniis,
614 1208 700 1262 Anno.
716 1205 843 1261 llllllx.

436 1391 530 1440 IDEM
548 1390 586 1439 IN
605 1388 776 1438 SERMONE
795 1385 1028 1436 PANEGYRICO
1047 1386 1168 1437 PETRO
1187 1386 1409 1437 MOSELLANO
1430 1388 1563 1439 DICTO.
1660 1404 1671 1442 t

549 1512 614 1579 Quis
636 1511 746 1566 omuino
768 1519 809 1565 est
832 1510 858 1564 in
878 1509 1033 1570 Germania.
1064 1518 1094 1565 ut
1116 1510 1224 1565 interim
1244 1511 1277 1566 de
1298 1510 1399 1566 exteris
1421 1510 1540 1574 sileam,
1571 1512 1652 1567 hone·

346 1609 450 1656 starum
469 1596 610 1653 literarum
632 1614 686 1651 nou
708 1595 768 1651 dieo
788 1595 904 1668 peritus,
935 1595 981 1650 sed
1005 1594 1203 1667 elegantiarum
1224 1612 1315 1651 rerum
1338 1612 1395 1669 prae
1417 1597 1525 1652 ceteris
1549 1597 1653 1653 studio-

347 1704 409 1744 sus,
435 1683 481 1757 qui
510 1698 565 1737 non
592 1682 619 1736 in
648 1680 737 1753 aliqua
761 1678 909 1736 ioelicitatis
934 1697 990 1734 sua»
1009 1689 1086 1752 parte
1110 1688 1194 1753 ponat
1212 1680 1321 1736 Petrum
1345 1680 1530 1737 lloscllanum
1553 1681 1651 1738 lraberc

348 1768 480 1825 amicum?
514 1766 586 1834 Quot
606 1774 697 1821 autem
719 1774 797 1826 sunt,
826 1767 871 1837 qui
897 1762 992 1838 procul
1014 1764 1117 1826 dissiti,
1144 1765 1215 1820 laune
1237 1765 1270 1820 dc
1287 1765 1355 1821 facie
1375 1766 1519 1839 ignotum,
1547 1775 1651 1822 tantum

348 1871 378 1909 aa
404 1853 473 1908 irrina
495 1860 522 1906 et
545 1851 622 1906 libris
642 1850 797 1922 cognitum,
819 1847 892 1903 ultro
914 1865 1003 1904 amare
1021 1850 1183 1922 coeperunt?
1213 1849 1286 1917 Quos
1308 1850 1469 1923 singulatim
1492 1868 1648 1912 recensere.
1661 1862 1681 1901 n

319 1955 321 1959 ⁴
348 1938 420 1994 aliud
444 1944 517 1992 essct
537 1934 616 1996 nihil,
648 1951 727 2008 quam
749 1951 917 1989 summorum
938 1934 1087 1989 Gernrauiae
1106 1934 1246 1990 homiuum
1267 1934 1422 2008 catalogum
1444 1946 1559 1997 texere,
1580 1936 1652 1992 Unus

348 2042 400 2099 pro
427 2021 520 2077 multis
546 2019 674 2081 sufficiat,
707 2018 887 2074 clarissimum
913 2017 978 2072 illud
1007 2017 1149 2074 literarum
1178 2018 1269 2075 lumen
1292 2018 1434 2082 Erasmus,
1467 2038 1554 2095 quam
1581 2021 1654 2077 hunc

350 2116 475 2163 nostrum
497 2104 673 2161 Mosellanurn
696 2113 778 2165 uiuet,
807 2103 901 2176 quatrti
923 2121 985 2158 eum
1010 2103 1104 2167 iaciat,
1133 2111 1233 2177 quanto
1255 2103 1314 2159 cius
1338 2104 1485 2179 desyderio
1516 2113 1653 2167 tencatur,

350 2192 450 2248 indicio
478 2199 542 2245 sunt
571 2188 610 2244 rel
642 2188 714 2245 illius
751 2188 783 2245 ad
810 2188 881 2243 hunc
910 2188 1036 2262 epistolae
1064 2188 1165 2244 amoris
1198 2196 1227 2244 et
1256 2187 1347 2245 iudicii
1378 2188 1654 2247 honorificentissimi

350 2285 435 2333 testes
457 2274 636 2349 plenissimae,
665 2274 706 2329 rel
727 2273 915 2347 quodnupcr
942 2291 1003 2329 euru
1025 2274 1133 2329 Loranii
1164 2273 1191 2329 iu
1219 2275 1362 2329 doctorum
1387 2273 1496 2348 aliquot
1526 2275 1683 2332 conviviola

350 2362 432 2417 liuius
451 2360 552 2416 mentio
575 2361 646 2415 lacta
668 2368 754 2420 esset,
785 2358 936 2414 testabatur
957 2376 1004 2414 sua
1025 2358 1111 2433 ipsius
1132 2376 1210 2419 voce,
1240 2357 1343 2415 nullius
1366 2358 1492 2416 mortalis
1525 2360 1553 2414 in
1583 2377 1654 2434 prae·
1682 2351 1684 2356 ’

274 2444 277 2455 “
352 2446 438 2502 santia
461 2463 538 2518 aeque
559 2463 588 2500 se
611 2462 671 2500 esse
693 2443 835 2517 cupidum,
858 2461 888 2497 ac
909 2444 983 2498 Petri
1004 2443 1153 2499 Mosellani.
1193 2442 1310 2500 Obsecro
1332 2444 1405 2518 quod
1428 2444 1545 2499 uberius
1566 2445 1656 2500 laudis

352 2530 537 2587 testimonium
561 2529 601 2584 rel
621 2538 716 2603 optare
736 2531 901 2601 possumus?
934 2527 1073 2602 Siquidem
1092 2545 1123 2584 ea
1152 2529 1259 2585 denium
1286 2546 1346 2584 aera
1375 2547 1405 2585 ac
1436 2546 1570 2602 germana
1596 2529 1655 2585 laus

352 2623 408 2675 cst,
431 2632 491 2687 quae
511 2614 693 2687 proficiscitur
712 2633 726 2668 a
749 2612 946 2668 laudatissimo.
992 2612 1048 2668 lloa
1070 2611 1131 2668 loco
1146 2613 1188 2668 via
1205 2623 1293 2669 tacere
1314 2631 1440 2687 possum,
1465 2621 1495 2669 ut
1514 2614 1655 2688 equestris

353 2698 470 2759 ordinis,
495 2698 530 2752 ita
549 2707 576 2752 ct
594 2697 734 2753 literarum
753 2698 834 2752 decus
850 2696 987 2752 Ulrichurn
1004 2696 1168 2757 llutlrennm,
1187 2699 1301 2754 duarum
1316 2707 1390 2754 certe
1405 2699 1561 2754 Germaniae
1581 2709 1685 2754 sum-m

354 2799 459 2838 morum
479 2782 630 2856 principum
651 2780 755 2836 ailberti
778 2781 994 2837 reverendissimi
1016 2781 1165 2838 Cardinalis
1188 2782 1365 2855 llloguntiaci,
1392 2782 1495 2839 domini
1524 2783 1579 2839 mei
1602 2786 1656 2839 cle·

354 2861 542 2927 montissimi,'
559 2885 589 2922 ac
613 2865 779 2921 serenissimi
803 2867 918 2922 lustriae
940 2865 1091 2923 archiducis
1114 2867 1275 2923 l'erdinandi
1299 2866 1384 2924 incliti
1409 2868 1487 2940 regis
1512 2867 1657 2942 Hispania·

354 2969 427 3012 rum,
452 2968 482 3005 ac
504 2951 685 3006 llouranorum
710 2950 802 3006 [ratris
824 2970 839 3006 a
859 2951 991 3007 consiliis.
1037 2951 1059 3006 is
1083 2952 1154 3007 hunc
1176 2960 1299 3007 nostrum
1321 2951 1500 3026 llosellanum
1524 2952 1561 3023 (id
1584 2953 1657 3027 qnod

355 3036 419 3091 mihi
442 3035 688 3109 compertissimum
710 3035 762 3107 cst)
783 3035 821 3091 sic
840 3046 926 3098 amat,
949 3045 979 3090 ut
1002 3036 1047 3110 qui
1069 3036 1198 3098 maxime,
1222 3036 1260 3093 sic
1282 3036 1381 3092 iudicio
1403 3036 1557 3094 honorifico
1577 3055 1657 3092 exor-

354 3130 414 3183 nat,
444 3130 474 3175 ut
495 3138 607 3176 summae
627 3120 734 3175 rirtntis
754 3120 857 3176 invenis
877 3129 1005 3176 meretur.
1051 3120 1119 3187 Quid
1142 3129 1231 3177 autem
1251 3122 1323 3196 qued
1342 3130 1370 3177 et
1393 3120 1488 3177 Galliis
1511 3120 1685 3178 llosellaniaa

354 3207 440 3262 virtus
464 3206 601 3262 innotuit?
625 3249 630 3260 .
651 3247 656 3258 .
674 3248 680 3259 .
697 3248 703 3258 .
721 3247 726 3259 .
744 3248 774 3259 ..

868 3384 1191 3400 *-

906 3542 1101 3662 aarum.
1465 3615 1639 3658 tau

1447 3675 1654 3686 ——-

483 3774 665 3836 Vtutcttvs
687 3774 1110 3838 trv'rruttt‘suotttraclo
1133 3776 1386 3838 aMonssncctto
1415 3778 1521 3839 snLv.

439 3911 530 3972 Recte
559 3912 629 3971 lacis
658 3912 736 3991 qnod
765 3930 841 3971 noro
871 3912 992 3971 consilio
1022 3914 1121 3972 literas
1149 3914 1184 3973 ad
1214 3933 1262 3974 me
1291 3913 1395 3973 scribis
1425 3916 1511 3974 istam
1543 3915 1658 3995 lugiens

355 4014 553 4073 laudationum
582 4031 736 4090 pompam,
767 4030 783 4071 a
813 4032 869 4092 qua
896 4032 1014 4091 semper
1043 4014 1198 4082 abhorrui,
1229 4023 1260 4075 nt
1283 4016 1332 4094 qui
1359 4034 1419 4074 non
1447 4017 1586 4093 ignorem
1609 4027 1686 4077 mett

356 4133 443 4192 urtam
467 4132 525 4172 non
548 4116 603 4173 sim
626 4132 727 4191 capax.
772 4114 813 4174 De
843 4115 953 4192 Dorpio
984 4117 1062 4193 quod
1091 4118 1213 4194 resipuit
1245 4115 1336 4177 multo
1366 4125 1433 4177 ante
1463 4136 1499 4177 ex
1531 4117 1656 4179 Erasmo

356 4216 451 4275 didici.
497 4215 619 4292 Scripsit
641 4215 676 4274 ad
699 4235 747 4274 mc
771 4216 922 4292 epistolam
944 4219 1142 4295 peramieam,
1171 4236 1239 4278 nam
1268 4220 1330 4297 ipse
1359 4220 1441 4295 prius
1469 4217 1511 4279 illi
1538 4220 1658 4281 hortatu

358 4402 497 4452 cuxun.
534 4400 690 4465 Epistulam
714 4401 891 4451 exactissimo
917 4405 1018 4468 repetii
1042 4419 1075 4453 en
1093 4402 1129 4466 A)
1148 4402 1204 4452 MS.
1224 4403 1355 4470 originali
1374 4420 1399 4469 q.
1412 4420 1454 4467 v.‚
1475 4401 1549 4469 quo'd
1570 4407 1658 4456 estin

356 4487 538 4537 Bibliothecae
558 4486 691 4534 antistitii
710 4485 881 4535 Basilecnsis
904 4487 957 4536 vol.
978 4489 1006 4536 in
1026 4487 1073 4537 fol.
1093 4488 1121 4535 in
1145 4487 1224 4537 dorso
1248 4490 1384 4553 inscripto
1407 4504 1553 4539 arrsrouaa
1579 4507 1658 4541 vrso·

356 4570 736 4638 aunlrnuurroaurrlsrac.
755 4570 1121 4636 xvr.lrouus1.lp.248⁸.
1159 4574 1200 4621 Ex
1218 4573 1315 4623 eodem
1333 4588 1382 4622 ma.
1401 4573 1485 4635 libro,
1512 4575 1563 4625 sed
1583 4592 1657 4625 men·

537 4656 602 4705 deso
617 4655 742 4705 exhibuit
759 4654 786 4718 2)
801 4655 922 4704 ltahrieu
936 4655 1268 4721 (Indicmtbtiogunssa.)
1282 4655 1374 4721 p.tt31.
1388 4673 1473 4706 mxu.

424 4841 445 4874 ¹⁰
464 4848 598 4909 ceperunt
612 4847 636 4892 1.
707 4840 774 4873 Μ
799 4857 832 4891 ac
851 4843 1038 4893 scr.rlnstriae
1095 4859 1112 4892 a
1131 4841 1265 4909 consiliis]
1290 4846 1329 4894 De
1352 4845 1400 4894 doe
1416 4845 1528 4894 Hattem'
1545 4862 1656 4905 manere,

354 4944 478 4993 perquam
496 4928 583 4986 dubio,
602 4932 647 4978 aar
664 4930 716 4977 otia
734 4928 877 4977 testimonia
894 4928 1027 4977 extabant.
1050 4928 1088 4991 Cf.
1102 4945 1183 4993 sopra
1196 4946 1220 4977 a.
1235 4928 1315 4977 CLV.
1337 4932 1365 4978 ol
1377 4945 1403 4994 p.
1417 4928 1476 4979 341.
1490 4946 1537 4980 vv.
1551 4931 1578 4980 7.
1592 4947 1632 4996 sq.

423 5010 445 5044 ²⁸
462 5012 647 5063 Amorbachio
666 5012 749 5062 salut.
763 5014 789 5060 2.
848 5010 869 5043 ³⁰
887 5011 1057 5062 laudationis
1069 5012 1093 5062 2.
1165 5010 1188 5043 θ’
1207 5010 1363 5078 epistolam]
1382 5015 1432 5063 iarn
1449 5030 1500 5065 non
1519 5022 1658 5074 extantem,

356 5103 383 5144 at
401 5112 447 5145 nec
464 5098 575 5147 Hattent
591 5100 777 5162 congratulatio
795 5096 866 5146 nobie
882 5104 1009 5161 sarperest.
1063 5095 1137 5162 nam]
1158 5097 1241 5147 istam
1254 5099 1280 5146 2.
