4067 6209
603 792 723 841 CLXVI.
743 807 867 842 nvrrsni
880 805 917 841 no
929 805 1081 841 euvannvrr
1095 808 1170 842 aava
1182 808 1225 841 ar.
1239 808 1265 841 n.
1279 801 1313 843 tlt.
1328 808 1387 843 uer.
1404 802 1461 842 tate.
1601 781 1673 851 347

383 962 510 1039 probent
532 969 560 1020 et
583 960 735 1030 extollant,
761 962 890 1045 eruditio
913 980 996 1029 vero,
1026 980 1041 1020 a
1065 935 1250 1040 qua'omnes
1278 969 1421 1041 quotquot
1450 971 1519 1024 sunt
1546 968 1575 1025 in
1602 966 1675 1026 Ger-

384 1064 478 1122 mania
502 1062 579 1122 docti
603 1050 764 1132 creverint,
793 1065 855 1140 ipse
877 1070 908 1123 tu
931 1065 955 1123 si
977 1064 1013 1123 ad
1038 1064 1251 1123 consessionem
1274 1064 1400 1141 alligaris
1422 1066 1556 1135 iamiam,
1586 1075 1618 1127 ut
1640 1086 1676 1128 ev

384 1166 561 1223 conscientia
584 1164 678 1232 dicas,
702 1166 803 1242 negari
825 1183 884 1223 non
908 1168 999 1242 possit
1020 1164 1144 1225 multum
1167 1171 1195 1225 te
1217 1156 1392 1242 proiecisse,
1422 1168 1491 1247 quid
1514 1167 1592 1229 aliud
1614 1187 1675 1230 me·

384 1267 443 1324 reri
465 1266 597 1325 ‹lieenrns
620 1285 707 1344 quam
730 1273 762 1326 ut
784 1264 821 1325 ob
844 1268 986 1343 insignem
1011 1267 1086 1326 banc
1109 1268 1345 1343 ingratitudinem
1366 1288 1469 1329 omnes
1484 1269 1613 1339 oderint,
1637 1271 1675 1331 ob

362 1366 481 1427 ascolus
505 1387 574 1427 vero
597 1367 672 1428 male
694 1368 818 1427 multent
846 1370 932 1428 etiam
959 1375 988 1429 et
1010 1370 1148 1428 atrociter
1169 1370 1308 1446 puniant?
1341 1370 1454 1430 Siccine
1476 1373 1601 1432 amentia
1623 1383 1731 1450 po-ta.

308 1476 311 1480 ’
385 1474 474 1531 tuisse
496 1472 581 1540 servi,
612 1477 643 1529 ut
666 1469 757 1538 ultro,
770 1469 954 1546 perdendum
977 1468 1146 1547 praeberes?
1183 1471 1316 1548 perderis
1338 1473 1429 1541 enim,
1453 1474 1586 1550 perderis
1608 1492 1677 1551 pro·

384 1575 478 1641 lecto,
500 1591 560 1632 non
582 1570 638 1631 illis
661 1551 737 1631 lorlo
759 1570 867 1649 quibus
889 1571 1012 1649 delingis
1034 1570 1205 1631 meticulose
1220 1575 1361 1650 suspicari
1378 1581 1419 1642 te,
1442 1573 1544 1651 gladiis
1559 1578 1675 1645 nostris,

384 1676 435 1735 sed
464 1674 576 1734 vindice
607 1672 672 1733 stilo
703 1681 732 1732 et
758 1672 904 1732 bonorum
935 1674 1066 1732 onmium
1094 1675 1244 1746 sententiis
1265 1676 1431 1753 perfructus
1453 1682 1482 1736 et
1504 1679 1677 1738 conscissus.

385 1778 438 1839 etsi
460 1775 531 1835 nibil
554 1775 627 1834 adeo
650 1782 802 1853 peccatum
825 1773 862 1833 ab
885 1774 942 1833 lroc
964 1773 1021 1833 dici
1044 1773 1164 1844 debeat,
1188 1778 1320 1855 quisquis
1340 1784 1369 1837 te
1392 1776 1430 1836 ob
1453 1777 1594 1838 virulenta
1615 1780 1678 1839 baec

354 1893 375 1931 n·
386 1878 527 1945 corniola,
556 1876 594 1936 ob
623 1876 854 1936 maledicentiam
886 1874 952 1952 plus
979 1877 1058 1935 omni
1089 1878 1267 1937 immanitate
1296 1878 1494 1939 detestandam
1528 1880 1557 1938 in
1585 1881 1677 1940 frusta

385 1982 472 2039 etiam
500 1979 643 2039 discindat
670 1984 699 2039 et
726 1978 913 2038 comminuat.
960 1978 1044 2050 Quod
1072 1979 1215 2056 siquando
1249 1980 1374 2050 lactum,
1408 1979 1567 2041 clarissima
1596 1962 1677 2059 gens,
1688 1964 1737 2042 §.ss

386 2080 543 2160 populares
566 2081 607 2139 tui
624 2079 708 2158 Angli
731 2080 936 2157 cognoverint,
960 2077 1028 2138 licet
1050 2098 1115 2148 eoS,
1139 2100 1203 2159 quae
1226 2081 1306 2141 lraus
1328 2088 1372 2141 est
1393 2090 1442 2141 tna
1465 2100 1589 2161 quaeque
1611 2102 1677 2161 per·

385 2184 521 2251 versitas,
552 2189 654 2241 contra
677 2182 833 2241 Erasmum
856 2182 1002 2240 concitare
1025 2180 1156 2250 studeas,
1187 2183 1349 2259 gaudenter
1369 2192 1468 2243 tamen
1491 2184 1600 2254 ferent,
1628 2187 1678 2264 qui

386 2293 414 2344 te
436 2292 517 2345 tanto
540 2284 735 2344 eoiivieiatere
757 2283 799 2342 sic
821 2281 955 2360 improbe
977 2282 1030 2342 abs
1051 2300 1083 2341 se
1105 2281 1292 2344 dissentiente
1316 2292 1442 2344 careant.
1479 2284 1585 2345 durant
1600 2289 1732 2347 enimi-t.

354 2389 480 2447 uitium
503 2387 582 2446 lumc
604 2403 721 2453 onmes,
744 2402 800 2443 nec
822 2390 918 2443 amant
941 2391 1067 2452 tantum,
1091 2384 1141 2444 sed
1166 2392 1342 2445 venerantur
1365 2386 1451 2445 etiam
1467 2392 1496 2447 et
1510 2363 1694 2449 reverenter·

386 2488 494 2549 colunt.
540 2504 632 2565 quare
660 2487 764 2554 etiam,
793 2486 816 2545 si
844 2484 920 2545 bene
942 2484 1109 2545 Tunstallos
1137 2488 1218 2554 novi,
1247 2485 1360 2556 llloros,
1384 2488 1537 2556 Linaeros,
1561 2490 1681 2549 Pacaeos

387 2599 414 2650 et
437 2591 581 2649 Greciuos
603 2594 683 2648 recte
706 2588 856 2666 perspexi,
880 2587 976 2662 dignis
997 2593 1027 2647 te
1049 2587 1144 2646 modis
1165 2594 1342 2647 tractaturos
1361 2590 1436 2657 scio,
1460 2590 1509 2667 qui
1532 2589 1608 2650 hanc
1629 2608 1680 2668 pa·

387 2694 449 2751 triae
471 2698 570 2750 notam
593 2671 847 2757 inusseris,lranc
869 2690 979 2748 nomini
1002 2688 1096 2766 Anglo
1118 2690 1280 2766 asperseris
1301 2688 1413 2759 labem,
1437 2697 1469 2749 ut
1490 2691 1559 2750 inde
1582 2710 1680 2770 egres·

387 2813 437 2854 sus
465 2792 533 2852 olim
563 2792 677 2851 dicatur
710 2792 761 2869 qui
788 2791 824 2850 de
852 2797 915 2850 toto
944 2791 1100 2850 universim
1131 2790 1203 2851 orbo
1231 2790 1495 2852 benemerentem
1524 2793 1679 2853 Erasmum

349 2907 377 2945 2⁰
388 2897 501 2973 primus
529 2894 667 2973 conviciis
694 2893 884 2969 prosciderit,
913 2893 1026 2969 primus
1053 2891 1213 2953 maledictis
1241 2893 1401 2953 insectatus
1427 2894 1473 2952 sit.
1518 2894 1607 2955 Cuius
1629 2895 1749 2956 tibittt.

388 2998 487 3075 llagitii
510 2997 646 3056 conscius
668 3013 735 3055 cum
758 2996 813 3063 sis,
844 3012 899 3054 nee
921 2993 1070 3053 humiliter
1093 2995 1215 3062 sentias,
1249 2992 1300 3052 sed
1323 2994 1448 3053 animam
1472 2996 1682 3072 superbissime

388 3098 497 3159 exaltes
518 3103 614 3166 tuam,
645 3103 743 3155 tamen
765 3095 871 3165 audes,
902 3102 933 3154 nt
955 3094 1086 3154 ecelesiae
1108 3094 1258 3162 consulas,
1286 3096 1393 3171 scripta
1417 3095 1470 3154 abs
1494 3102 1523 3155 te
1553 3097 1615 3157 lraec
1638 3097 1681 3157 di·

388 3220 473 3268 cere,
504 3207 532 3259 et
555 3199 718 3258 Claristiana
748 3216 834 3257 usum
863 3196 1005 3257 modestia
1033 3196 1206 3274 praetendis,
1235 3201 1361 3273 cunique
1384 3213 1443 3254 non
1471 3195 1580 3255 babeas
1602 3199 1680 3275 quod

388 3305 416 3361 in
445 3301 494 3361 illo
522 3301 609 3377 digne
637 3299 851 3376 reprehendas,
887 3298 921 3358 ad
951 3297 1105 3357 maledieta
1132 3303 1161 3356 te
1190 3297 1362 3366 convertis,'
1384 3296 1490 3375 quibus
1515 3297 1680 3375 petulanter

352 3419 378 3456 rt
388 3405 461 3464 adeo
485 3404 591 3472 uteris,
622 3407 654 3461 ut
675 3404 705 3460 in
727 3417 830 3460 omnes
852 3399 938 3459 sinrul
961 3400 1125 3459 Germaniae
1147 3399 1249 3457 doctos
1271 3396 1390 3457 iaculari
1413 3416 1446 3458 ea
1472 3418 1531 3458 non
1554 3398 1678 3461 dubites.

388 3508 459 3578 Quis
483 3510 527 3564 est
549 3503 596 3563 bie
619 3504 712 3569 enirn,
743 3503 791 3579 qm
820 3501 856 3560 ad
880 3520 911 3560 se
934 3519 993 3560 non
1016 3491 1093 3560 dicat
1116 3501 1264 3577 pertinere
1287 3500 1344 3559 boc
1371 3500 1449 3578 quod
1473 3499 1593 3569 scribis,
1616 3500 1748 3578 pat-en.

388 3625 480 3685 pones
503 3605 644 3684 quosdam
668 3602 760 3662 solem
783 3603 862 3662 hune
884 3620 986 3670 snum,
1010 3619 1096 3661 siriam
1120 3607 1340 3671 ornamentum,
1364 3620 1508 3679 suumque
1523 3601 1614 3662 decus
1629 3620 1679 3680 ap·

388 3707 497 3785 pellare
519 3706 637 3765 solitos?
665 3706 700 3764 llt
722 3723 776 3764 nos
799 3722 853 3782 ego
876 3704 941 3762 dico
963 3710 1077 3762 tantum
1100 3721 1217 3779 semper
1236 3701 1363 3762 abluisse
1379 3702 1417 3798 ab
1432 3702 1605 3762 adulationis
1620 3710 1680 3764 stu·
1691 3708 1749 3757 §.12

389 3811 453 3878 dio,
477 3816 618 3887 quantum
641 3815 673 3867 tu
696 3807 733 3866 ab
756 3808 835 3865 omni
858 3803 1019 3882 probitate,
1043 3804 1079 3864 ab
1096 3805 1174 3863 onnri
1191 3802 1347 3864 derelictus
1364 3823 1395 3865 es
1409 3804 1588 3881 integritate,
1613 3824 1678 3864 oon·
1707 3846 1714 3861 .

353 3918 557 3989 aestauterque
586 3909 724 3969 adserere
751 3907 851 3968 lumen
879 3908 937 3966 boc
964 3912 1098 3967 nostrum
1126 3913 1316 3984 nostramque
1339 3905 1476 3983 gloriam,
1505 3912 1593 3984 teque
1616 3906 1682 3966 odio

389 4031 506 4090 sempev
529 4018 661 4072 extremo
684 4009 853 4079 babituros,
877 4009 926 4086 qui
948 4006 1034 4067 nobis
1057 4008 1119 4067 haee
1141 4007 1283 4076 Invideas,
1312 4007 1468 4086 aliquando
1491 4009 1577 4067 ctiam
1600 4008 1681 4068 dolo-

390 4133 453 4174 rem
475 4115 554 4174 lrune
577 4113 703 4176 ulturos,
727 4112 751 4169 si
774 4128 833 4169 rien
856 4109 954 4179 aliter,
978 4110 1095 4187 scriptis
1118 4115 1198 4168 certe
1219 4109 1298 4169 band
1320 4117 1350 4169 te
1371 4110 1507 4187 indignis,
1545 4110 1603 4170 lam
1620 4111 1684 4170 baec
1693 4116 1751 4167 §.1³-

390 4216 510 4291 insignis
537 4215 615 4274 enim
643 4215 748 4275 iniuria
777 4220 868 4281 esset,
896 4213 945 4290 qui
975 4213 1003 4271 in
1033 4209 1286 4271 maledictionibus
1314 4213 1500 4281 seminasset,
1535 4214 1564 4272 in
1594 4212 1682 4272 male-

390 4315 566 4377 dictionibus
594 4335 661 4376 eum
690 4333 749 4375 non
777 4321 903 4383 metere,
933 4314 1082 4374 bominem
1111 4314 1274 4391 praesertim
1303 4313 1411 4374 nullius
1434 4313 1518 4373 hona
1542 4315 1634 4390 frugis
1656 4320 1685 4373 et

355 4421 474 4479 ³³cuins
497 4417 574 4478 nulla
598 4435 726 4495 ivrrquam
750 4418 864 4494 cognita
889 4416 979 4476 virtus
1002 4421 1060 4484 est,
1088 4416 1166 4475 unde
1189 4414 1233 4474 vel
1256 4416 1375 4474 minimo
1398 4415 1480 4473 istius
1502 4417 1618 4492 generis
1640 4415 1683 4474 di·

391 4520 453 4580 luto
477 4521 558 4580 venia
582 4520 706 4595 irrogari
728 4496 852 4578 debeat?
884 4517 977 4587 Quam
1001 4524 1134 4593 putarem
1158 4517 1234 4575 enim
1262 4514 1451 4575 exirltandum
1473 4514 1539 4582 tibi,
1567 4514 1682 4592 siquid

390 4641 520 4701 unquam
544 4622 674 4682 dedisses
696 4626 728 4681 tu
751 4619 836 4689 boni,
863 4620 912 4698 qui
934 4612 1047 4678 tantum
1070 4619 1099 4677 in
1122 4619 1215 4695 prima
1240 4617 1293 4676 liae
1316 4617 1420 4676 lutura
1443 4613 1510 4674 mali
1532 4614 1602 4674 dare
1624 4633 1683 4674 aron

459 4842 524 4908 ¹in]
540 4845 566 4893 id
581 4845 641 4892 Μ.
688 4838 742 4892 ‘ut
759 4843 903 4890 unciam.
958 4836 980 4870 ¹⁰
997 4837 1174 4887 frustrum.
1222 4834 1243 4868 ¹⁸
1261 4833 1504 4899 adspereris2...t.
1556 4831 1579 4864 ²⁰
1596 4836 1685 4899 proci·

389 4931 461 4980 derit
475 4933 498 4978 2.
509 4932 533 4978 3.
587 4929 607 4961 ²¹
622 4928 734 4980 concina
748 4930 774 4975 3.
828 4923 889 4989 nec]
908 4925 1036 4973 non2.3.
1094 4917 1473 4986 uporbissime(emvidttltd.
1521 4916 1683 4984 ²⁷·²'³adpel-

389 5016 536 5066 laro2...d.
594 5014 681 5079 ³³qui
695 5015 724 5063 in
738 5010 783 5075 m]
798 5012 834 5060 el.
849 5010 885 5059 11.
900 5008 979 5058 Paul.
994 5008 1029 5058 ad
1042 5005 1103 5057 Cor.
1118 5007 1165 5057 IX.
1180 5003 1204 5055 6.
1262 5002 1523 5055 ”ostentasse
1576 5001 1683 5055 'lirro-

389 5117 456 5169 gare
471 5105 496 5152 3.
504 5104 529 5153 d.
584 5097 775 5151 exsultandum
789 5098 863 5145 2...4.
