4067 6209
440 792 513 862 22⁴2
719 804 815 853 XCIV.
834 818 917 853 rurus
931 818 1003 852 srcrr
1017 817 1054 852 nr>
1067 817 1218 853 nvrrssvu
1232 819 1274 852 ur.
1290 818 1315 851 n.
1332 812 1363 852 to.
1378 818 1442 852 sos.

440 978 582 1037 Stromer.
628 974 689 1049 Ego
712 972 787 1033 boue
809 971 899 1032 valeo.
945 971 1030 1032 Brevi
1054 979 1104 1031 aul
1126 991 1172 1032 rite
1195 980 1244 1032 ortt
1267 973 1480 1049 copiosissimas
1502 970 1612 1031 litteras
1641 991 1656 1031 s
1687 990 1735 1030 nne

440 1076 572 1137 habebis.
617 1074 737 1133 luterim
760 1074 832 1135 vale.
878 1074 985 1149 Accepi
1008 1076 1218 1133 commentaria
1243 1073 1364 1133 Gesseris
1392 1073 1466 1132 luri.
1513 1072 1581 1131 lale
1604 1073 1733 1132 heroico.

440 1177 596 1255 Augtistae,
621 1174 829 1235 llartiualiluss.
1469 1175 1472 1180 '

458 1479 591 1515 avarsus
605 1478 826 1512 vrsosmcouru.
948 1445 1227 1519 LXXXXHH
1377 1473 1410 1512 ttt.
1424 1479 1487 1513 nov.
1505 1472 1554 1514 tots
1568 1463 1632 1525 (non
1647 1463 1718 1525 isto).

1350 1530 1732 1542 ——.-—-—--—-

823 1598 988 1657 PAVLVS
1006 1600 1152 1658 tirolis
1172 1600 1362 1658 ittoolct's

808 1698 971 1748 l'Lttlolro
992 1700 1040 1749 nt:
1059 1699 1219 1749 HVTTEN
1236 1699 1327 1760 Euri
1334 1702 1371 1750 TI

1012 1788 1162 1831 sarraca.

383 1925 430 1975 Μ,
530 1896 677 1967 Octauium
701 1896 830 1953 iucundo
852 1895 998 1953 hesterna
1018 1899 1111 1955 noctis
1131 1900 1218 1970 epulo
1237 1897 1323 1971 apud
1342 1897 1581 1972 symposiarciseu
1604 1904 1736 1955 nostrum

445 1998 639 2058 Clinnradnm
659 1997 833 2069 Petelinum,
856 1999 974 2055 ornicum
995 2000 1150 2056 literarum
1169 2000 1290 2072 pariter
1310 2015 1348 2057 oc
1368 2002 1551 2058 literatorum
1574 2003 1737 2070 alumnum,

443 2100 646 2160 oblectamenti
666 2101 847 2173 recorporari,
869 2101 911 2156 nti
929 2098 1071 2170 Huttene,
1090 2101 1275 2175 perpendes,
1297 2104 1324 2159 si
1344 2117 1443 2159 eorum
1467 2118 1534 2174 qnam
1554 2104 1643 2174 tonan
1665 2108 1773 2166 tonitru

383 2228 429 2278 §.t
444 2203 663 2276 disceptationis
681 2203 758 2259 serie
778 2202 966 2259 rorrnnentnti
984 2216 1100 2270 sumus,
1128 2204 1275 2276 epicopum
1306 2211 1398 2261 tecum
1425 2202 1545 2274 seceris.
1593 2203 1638 2261 De
1659 2206 1738 2262 celso

442 2303 586 2378 siquidem
613 2310 641 2361 et
662 2318 774 2362 snirrnno
795 2287 921 2376 empirei
942 2303 1025 2374 aloini
1045 2306 1198 2363 cacumine
1226 2304 1270 2361 ad
1289 2305 1426 2379 abyssum
1453 2321 1541 2377 pierre
1570 2312 1599 2363 et
1618 2303 1739 2378 Stypius

442 2422 534 2479 toque
556 2405 653 2462 undas
674 2419 836 2463 sermonem
858 2410 990 2461 nostrum
1005 2404 1198 2474 devolvimus·
1220 2422 1345 2479 reumque
1363 2407 1400 2465 de
1417 2422 1531 2464 arcentio
1549 2412 1578 2464 et
1593 2405 1743 2478 ineffabili

443 2508 534 2567 Pauli
555 2507 598 2563 ad
614 2509 719 2565 caelum
738 2511 830 2579 raptu
851 2508 1074 2566 sermocinandi
1093 2507 1251 2567 scordium
1270 2510 1505 2582 sumpsissemus,
1529 2510 1559 2565 in
1575 2509 1652 2565 illud
1665 2516 1739 2565 tciri·
1799 2519 1801 2524 ⁴

443 2609 509 2667 dem
532 2608 745 2666 adrnirandum
766 2614 795 2665 et
812 2622 910 2682 prope
932 2608 1064 2667 diuinum
1081 2610 1251 2668 Ginaincani
1270 2611 1345 2682 tiqui
1366 2610 1473 2668 dorinm
1497 2619 1598 2668 nostra
1615 2610 1739 2681 lireiebat
1751 2633 1775 2672 rs

443 2712 553 2781 oratio,
585 2725 652 2767 cum
685 2710 801 2766 interim
829 2708 866 2766 de
892 2709 1020 2769 Erasmo
1048 2710 1260 2783 Botcrodamo,
1292 2710 1354 2782 fido
1381 2710 1529 2769 illercnrii
1561 2713 1677 2782 comite,
1711 2719 1739 2769 et

445 2811 611 2886 Copuione,
644 2812 780 2869 terrestri
806 2809 931 2869 Saturni
955 2814 1093 2884 oraculo,
1128 2812 1229 2872 dulcio
1253 2818 1282 2870 et
1307 2827 1407 2870 eorum
1432 2813 1532 2871 laudis
1557 2815 1650 2887 pleno
1677 2815 1738 2871 mi-

385 2939 430 2991 m,
444 2928 592 2973 sceremus
613 2914 768 2986 colloquia.
814 2912 957 2971 Caterum
978 2929 1045 2972 cum
1065 2916 1216 2988 permulta
1242 2919 1272 2972 et
1296 2916 1470 2987 uncelenus
1498 2893 1653 2972 erectiora
1683 2932 1738 2972 re-

443 3010 566 3091 quirunt
595 3017 754 3086 examino,
793 3021 863 3073 trine
895 3017 1077 3074 ineatricoto
1108 3018 1309 3090 sententiaque
1341 3018 1465 3090 ancipiti
1496 3019 1737 3089 relinqueremus,

443 3132 567 3196 quartem
586 3120 866 3191 perscrutationem,
890 3134 927 3175 ne
948 3117 985 3175 de
1011 3116 1131 3176 Tantali
1146 3117 1231 3190 sorite
1253 3117 1350 3176 otoere
1371 3123 1400 3176 et
1420 3120 1571 3191 nurrqunm
1592 3120 1679 3189 satis,
1705 3126 1737 3175 ut
1748 3145 1774 3182 ’.η

443 3222 542 3290 aiunt,
568 3220 713 3277 inuentum
738 3218 852 3293 Osprim
870 3235 1006 3292 querere
1026 3220 1144 3278 hortari
1161 3226 1188 3277 te
1211 3219 1331 3289 uidear,
1350 3221 1449 3278 omina
1468 3236 1505 3278 ea
1525 3222 1639 3279 silentio
1657 3237 1739 3278 nunc

443 3323 556 3382 inuolno
578 3322 653 3380 nildl
673 3321 837 3379 istiusmodi
855 3326 1002 3379 reterens.
1059 3321 1154 3380 Ursum
1177 3322 1340 3393 dientaaot,
1373 3338 1429 3395 ono
1451 3324 1569 3395 lonpnm
1592 3325 1740 3396 symposio

444 3431 543 3484 nostro
561 3422 667 3495 funem
690 3423 882 3494 abscidimus,
904 3424 972 3481 cim
996 3424 1203 3482 Guaioennum
1229 3425 1341 3495 lipnum
1365 3430 1413 3482 ino
1439 3440 1496 3483 non
1520 3426 1615 3481 ntirrns
1639 3426 1738 3496 prensi,

385 3542 432 3604 μ,
446 3543 535 3602 quam
557 3526 639 3584 dulci
658 3527 809 3598 lacteoque
831 3525 973 3583 decorari
990 3527 1104 3599 eloquio
1127 3528 1226 3598 uelim,
1252 3543 1332 3585 nnnc
1353 3512 1462 3600 repeto.
1503 3543 1557 3585 rua
1576 3534 1606 3583 tn
1630 3526 1740 3583 lnrmite

446 3630 479 3689 id
507 3634 560 3686 aut
583 3628 674 3686 laude
703 3634 755 3686 tua
782 3626 911 3698 inferius
939 3627 1070 3699 disseris,
1102 3628 1182 3701 quod
1202 3629 1277 3685 miro
1298 3643 1371 3684 sane
1392 3627 1477 3686 inodo
1497 3635 1526 3686 et
1547 3629 1626 3686 ultro
1649 3645 1775 3702 parre-25

444 3732 600 3790 medicinae
614 3728 807 3801 facultatem,
830 3731 1006 3800 innumeris,
1023 3734 1055 3786 ut
1071 3731 1159 3801 nosti,
1178 3729 1350 3787 mortalibus
1369 3730 1508 3802 squalida
1529 3729 1741 3802 horrendaque

446 3834 648 3910 Gallicarum,
668 3839 701 3889 nt
717 3831 840 3905 peritiam
853 3836 971 3903 cocant,
991 3834 1181 3905 protuleram
1199 3833 1247 3890 lue
1267 3830 1383 3902 (effectis
1402 3834 1432 3889 el
1447 3847 1544 3905 propo
1558 3833 1740 3905 corissnnptis

441 3934 537 4008 facile
559 3940 708 4008 initiumque
721 3936 864 4008 praestitit
884 3932 1053 4005 nesapium,-
1080 3933 1215 4006 qncodqne
1237 3949 1294 3991 non
1316 3935 1408 3991 solnm
1430 3936 1565 4006 eorporis
1593 3933 1737 3991 emundat

444 4054 482 4097 ac
502 4043 647 4111 temperat
668 4038 758 4105 iares,
789 4051 890 4093 aternam
917 4041 946 4093 et
970 4037 1073 4093 utentis
1099 4036 1187 4107 terail
1207 4036 1300 4093 aciem
1321 4051 1445 4108 eantque
1472 4037 1501 4093 in
1528 4050 1642 4093 sirrnmo
1664 4050 1740 4093 con·
1817 4023 1821 4029 ⁴

444 4221 637 4273 Lxxxxml.
668 4218 1283 4300 A...E=1n‹tic.bibltogr.nexum.t...5.
1346 4218 1570 4269 o=ibi‹t.n⁰.o.
1607 4220 1740 4269 lutisinus

444 4307 522 4373 (ibid.
537 4304 648 4368 n⁰.i.8.)
674 4304 820 4370 epistolum
839 4306 1033 4369 nonreeepit3
1057 4305 1106 4354 secl
1124 4304 1270 4354 Miiuclsius
1294 4302 1377 4353 etism
1402 4305 1507 4362 aurisii,
1538 4321 1597 4354 cum
1618 4305 1738 4368 ll'ageu-

638 4389 746 4449 seilius,
767 4404 817 4438 suu
837 4405 869 4437 ox
887 4387 1068 4438 Rurelslrsrdo
1087 4389 1247 4455 depromere
1266 4389 1376 4449 solitus,
1398 4391 1547 4439 omisisset.

1411 4458 1588 4466 *ω’-

513 4528 520 4561 ¹
541 4528 747 4593 copiosissimus
766 4524 885 4591 litteras]
911 4526 1023 4592 Scripta
1048 4531 1090 4576 est
1108 4528 1167 4577 haec
1188 4525 1307 4592 epistola
1326 4531 1387 4590 post
1407 4526 1530 4590 proxime
1554 4523 1740 4589 superiorem

444 4615 493 4667 sed
510 4614 663 4680 longiorem
682 4614 754 4662 huno
777 4628 830 4662 uon
853 4613 999 4677 scriptam,
1032 4612 1080 4661 seul
1104 4614 1177 4678 typis
1202 4625 1359 4676 expressam
1390 4611 1488 4673 (muno
1509 4606 1581 4657 1518.
1606 4608 1651 4656 ilie
1675 4623 1741 4657 voro

444 4699 468 4750 o.
482 4700 575 4763 Νυνὶ)
595 4701 735 4749 Huttonus
748 4697 957 4748 Pirclaheimero
974 4698 1161 4746 transmisisse
1179 4697 1296 4760 videtur.
1366 4692 1377 4726 ²
1396 4694 1595 4744 commentaria
1609 4690 1739 4756 Caesaris]

444 4781 649 4847 „Maximillam
675 4786 740 4848 imp.
769 4783 889 4847 intelligi
917 4782 1058 4831 violentur:
1161 4796 1273 4845 quorum
1301 4779 1535 4844 impetrandorum
1562 4776 1742 4841 percupidum

444 4870 532 4920 fuisse
551 4869 789 4919 Pirckheimerum
808 4867 1010 4916 Ritterslmsius
1031 4867 1064 4915 de
1077 4866 1158 4914 huius
1171 4867 1230 4915 rita
1244 4866 1305 4930 pti.
1325 4864 1506 4913 deelaruvit”.
1527 4875 1648 4911 thtctttt.

512 4955 685 5005 ¹vuurcoC.
751 4968 827 5009 ravi.
842 4967 977 5001 susurru.
992 4951 1025 5000 B.
1092 4950 1113 4982 ¹⁰
1131 4950 1230 5014 quoli.
1297 4948 1315 4980 ¹¹
1336 4948 1417 4998 Celso
1433 4947 1489 4998 GE.
1544 4945 1564 4978 ¹¹
1584 4945 1699 5010 erupit-ri
1716 4947 1742 4995 l'.

418 5044 461 5114 κ1.
474 5042 604 5108 empyrici.
669 5053 739 5104 pene
760 5037 791 5086 Ε,
846 5035 866 5067 ¹³
885 5035 972 5102 Cunq,
989 5038 1059 5085 At.
1114 5035 1133 5067 ¹¹
1153 5035 1359 5085 exanimasti.
1411 5030 1430 5063 ²¹
1452 5031 1521 5082 Osiri
1537 5037 1636 5082 inuento
1657 5020 1743 5097 εὑρή-

445 5139 537 5192 καμεν
554 5124 739 5175 exclamabant.
776 5122 819 5173 Cf.
834 5120 958 5171 Iuvenal.
973 5126 1027 5172 sat.
1041 5122 1116 5171 VIII.
1130 5118 1172 5171 29.
1228 5116 1250 5150 ¹¹
1268 5118 1398 5185 simposio
1411 5117 1444 5167 B.
1482 5116 1634 5183 symposito
1650 5118 1674 5163 o.
