4067 6209
514 825 594 880 CLV.
614 840 697 878 αντα.
711 840 748 878 sn
760 840 873 879 resera.
888 840 1016 878 svsrnrz
1029 840 1115 878 rur.
1129 839 1165 877 ne
1178 838 1224 876 rr.
1238 838 1316 876 ecoe.
1331 837 1467 876 consecr.
1482 828 1542 875 ltro.
1601 808 1669 881 331

386 995 623 1066 ‚coacervabunt
649 996 703 1058 sibi
730 998 887 1073 magistros
909 997 1076 1077 prurientes
1097 994 1247 1056 auribus''.
1290 993 1354 1055 lloc
1380 993 1450 1055 illud
1479 1002 1523 1054 est
1549 998 1746 1075 tempusue.

384 1099 516 1177 proiecto
538 1097 596 1158 hoc
621 1107 679 1168 est,
709 1106 796 1177 atque
824 1099 911 1176 igitur
943 1097 1162 1176 predicandum
1188 1115 1283 1164 nune,
1317 1096 1500 1172 arguendum
1528 1104 1556 1157 et
1581 1100 1678 1159 incre·

383 1200 529 1278 pandum,
552 1219 620 1260 cum
643 1203 709 1280 qnia
731 1201 767 1260 ad
790 1219 937 1260 summum
962 1199 1131 1259 conscendit
1151 1198 1291 1258 scelerata
1315 1200 1438 1258 istorum
1460 1200 1595 1267 avaritia,
1615 1207 1678 1260 tum

385 1304 451 1380 quia
473 1304 502 1361 in
524 1309 607 1362 tuum
631 1303 752 1362 fratrem
775 1305 892 1383 optimae
916 1303 979 1379 spei
1007 1304 1141 1361 iuvenem
1167 1300 1268 1359 incidit
1292 1316 1392 1360 rerum
1414 1280 1602 1374 gubernatio,
1628 1302 1679 1380 qui

361 1409 412 1462 set
437 1410 533 1480 potest
558 1402 692 1463 lacillime
716 1404 761 1463 his
785 1404 897 1463 mederi
919 1402 1017 1471 malis,
1041 1408 1071 1461 et
1090 1403 1259 1462 occasiones
1281 1400 1369 1461 habet
1389 1407 1422 1461 ut
1444 1403 1488 1461 rix
1512 1402 1587 1462 ullus
1609 1410 1677 1463 ante

383 1523 415 1564 se
438 1504 545 1572 bonas;
579 1506 697 1583 quicum
720 1503 799 1565 bunc
826 1504 935 1564 librum
961 1503 1049 1564 veluti
1076 1504 1224 1582 quoddam
1252 1498 1404 1582 utriusque
1425 1504 1490 1572 ritae
1516 1504 1675 1582 exemplar,

384 1606 461 1684 quod
483 1624 533 1665 ves
556 1606 685 1674 erudiat,
708 1608 902 1666 communica.
948 1604 1066 1665 Clarum
1088 1606 1185 1665 exirnii
1206 1606 1391 1681 imperatoris
1420 1605 1533 1664 lacinus
1554 1604 1590 1665 ad
1611 1604 1749 1682 pul-ror.

385 1706 599 1767 cherrirnarum
621 1706 704 1767 vobis
724 1726 826 1768 rerum
847 1706 1064 1767 aernulationem
1082 1706 1269 1766 hortamento
1288 1724 1352 1766 esse
1376 1704 1471 1765 debet.
1491 1701 1494 1706 ’
1512 1703 1577 1766 'l'ibi
1600 1708 1678 1767 enirn

385 1810 426 1868 sic
445 1807 549 1867 dedico
572 1807 695 1877 librum,
725 1817 758 1869 ut
779 1816 878 1869 tecum
900 1810 955 1886 ipsi
975 1826 1162 1869 communem
1190 1826 1254 1869 esse
1276 1806 1378 1875 velim,
1405 1825 1494 1886 quem
1516 1825 1575 1866 non
1596 1816 1678 1885 pote·

352 1920 376 1962 ¹0
385 1911 436 1969 stis
464 1928 522 1969 non
549 1928 664 1970 summo
694 1911 830 1989 amplecti
858 1911 970 1970 studio:
1002 1911 1153 1969 ueritatem
1179 1909 1334 1987 profitetur
1354 1910 1447 1978 enim,
1474 1915 1503 1968 ct
1526 1908 1678 1969 heroicum

385 2012 491 2070 summi
519 2012 597 2088 regis
625 2012 733 2071 iactum
762 2013 902 2072 adversus
930 1996 1129 2089 impudentem
1157 2009 1291 2070 scelerati
1313 2010 1481 2087 impostoris
1504 2010 1678 2071 calumniam

385 2117 499 2179 tuetur;
534 2119 563 2172 et
581 2132 615 2172 ex
639 2113 791 2189 evaugelio
813 2119 893 2173 totus
913 2120 972 2181 est,
1001 2131 1036 2171 ac
1062 2111 1158 2171 verbis
1184 2111 1289 2171 Christi
1317 2112 1449 2189 apposite
1476 2114 1677 2173 concinnatus.

386 2211 475 2272 lieret
497 2220 595 2272 autern
613 2216 742 2274 veritatis
764 2214 861 2274 studio
882 2215 976 2273 teneri
997 2231 1064 2282 ros,
1087 2219 1116 2272 et
1138 2211 1174 2271 ab
1196 2212 1369 2273 adulationis
1385 2230 1496 2273 veneno
1518 2231 1604 2274 sanas
1626 2214 1746 2275 ira-rm.

386 2311 457 2372 bere
482 2322 596 2373 mentes
622 2335 656 2380 ac
682 2334 782 2377 aceres.
822 2316 899 2375 Sane
921 2315 1045 2393 principi
1067 2314 1140 2374 bion
1165 2315 1297 2390 praecipit
1321 2317 1530 2391 superomnia
1554 2316 1681 2376 veritatis

352 2426 377 2465 1⁵
387 2433 421 2473 ae
441 2414 633 2494 simplicitatis
655 2423 688 2477 ut
710 2420 822 2478 amiens
844 2419 896 2485 sit,
923 2416 1000 2476 hanc
1021 2416 1134 2491 regiam
1155 2417 1291 2474 virtutem
1314 2422 1515 2485 consectetur,
1545 2418 1680 2477 astutiam
1732 2433 1735 2438 ·

387 2522 416 2574 et
441 2515 575 2577 fraudem
599 2518 640 2578 uti
667 2519 781 2579 servilia
804 2525 901 2596 putet;
921 2516 1115 2597 pythagoras
1136 2533 1206 2575 vero
1228 2517 1441 2594 interrogatus,
1467 2518 1605 2595 quidnam
1627 2536 1679 2597 po-

388 2617 531 2677 tissimum
552 2618 644 2678 simile
663 2619 718 2679 diis
740 2619 874 2680 homiues
894 2620 1015 2688 iaciant,
1036 2617 1119 2678 ‘Cum
1135 2636 1202 2677 vera
1218 2617 1389 2696 loquuntur'
1403 2619 1564 2697 respondit.
1595 2619 1680 2691 Quod

387 2719 553 2779 conandum
576 2719 658 2780 robis
679 2723 828 2790 existimo,
858 2728 890 2782 ut
910 2721 965 2781 diis
986 2719 1109 2787 similes
1134 2718 1226 2780 idest
1247 2717 1365 2797 utplus
1387 2719 1526 2799 quiddam
1545 2720 1608 2781 aliis
1627 2720 1681 2780 ho·

387 2818 514 2879 minibus
532 2822 609 2890 sitis;
643 2822 751 2901 alioqui
771 2823 920 2900 principes
941 2839 1001 2881 uon
1024 2822 1118 2890 eritis,
1142 2838 1231 2899 supra
1255 2819 1327 2880 alios
1346 2822 1370 2881 si
1389 2820 1460 2882 nibil
1481 2823 1536 2881 erit
1552 2824 1582 2882 in
1599 2820 1681 2883 vohis

351 2933 542 2995 romagnnm,
566 2923 637 2983 nihil
658 2924 873 2984 admirandum.
920 2923 974 2982 llic
993 2923 1092 2983 ridere
1116 2922 1215 2982 videor
1237 2923 1381 3000 quosdam
1408 2922 1581 3000 obstrepere
1610 2922 1750 2986 miluom.

386 3020 442 3080 hoc
470 3022 600 3083 dicentes
626 3025 724 3096 ‘Ouid
753 3032 782 3084 tn
811 3026 979 3103 pontificem
1008 3030 1209 3100 contemptum
1235 3023 1342 3083 reddes
1367 3022 1488 3100 igiturl'
1522 3022 1586 3100 Ego
1612 3041 1682 3083 vero

386 3124 518 3192 nrirrime,
548 3125 599 3185 sed
627 3125 764 3203 adempto
796 3126 835 3186 illi
862 3126 946 3194 luco,
979 3131 1010 3184 nt
1037 3141 1104 3184 rcra
1133 3124 1277 3201 pontilicis
1304 3125 1413 3183 eniteat
1439 3126 1535 3200 imago
1566 3124 1680 3194 faciam,

386 3224 578 3303 detractoque
602 3246 636 3287 eo
657 3226 855 3307 quodcunque
878 3227 927 3286 illo
948 3227 1099 3302 indignum
1121 3231 1180 3292 est,
1209 3224 1331 3284 reddam
1358 3224 1437 3303 quod
1465 3226 1618 3294 amiserat,
1645 3244 1681 3285 ex

387 3332 509 3402 tyranno
530 3329 714 3404 pontilicem,
742 3346 778 3387 ex
805 3346 876 3404 rege
899 3334 1028 3405 patrem,
1054 3346 1088 3386 er
1110 3326 1176 3386 inre
1202 3331 1349 3402 pastorem
1376 3324 1487 3385 mundo
1513 3326 1679 3385 restituens.

353 3442 379 3482 rs
388 3427 477 3498 Quasi
501 3447 570 3487 vero
590 3430 727 3508 cuiqnam
750 3429 946 3489 venerabilior
968 3446 1033 3488 csse
1054 3428 1146 3504 possit
1170 3444 1250 3485 arma
1273 3442 1380 3504 gerens
1399 3426 1487 3505 (quod
1510 3425 1593 3503 absit)
1618 3425 1680 3487 bel·

387 3526 461 3587 lator
486 3529 560 3599 Leo,
590 3549 678 3609 quam
705 3549 761 3608 pro
788 3549 861 3608 pace
886 3529 1017 3590 eeclesiae
1045 3527 1215 3605 suppliciter
1238 3546 1324 3588 orans
1351 3529 1427 3587 idem
1455 3535 1578 3605 togatus
1623 3528 1680 3589 Sed
1691 3542 1750 3594 §.oo

387 3630 444 3688 iarn
469 3629 505 3688 de
531 3630 576 3689 his
603 3631 688 3709 plura
714 3633 854 3693 desinam.
902 3631 992 3691 Valde
1016 3620 1087 3689 mihi
1114 3628 1216 3706 placeo
1243 3647 1278 3688 er
1301 3628 1357 3689 bac
1379 3628 1512 3697 lectuna,
1543 3630 1683 3711 princeps

388 3730 589 3800 Ferdinande,
612 3735 661 3810 qui
685 3734 793 3794 librum
814 3732 899 3793 nobis
921 3734 1018 3791 inveni
1036 3733 1078 3790 sic
1097 3730 1211 3796 utilem,
1235 3732 1278 3790 sie
1300 3732 1500 3790 necessarium
1523 3737 1552 3789 et
1573 3729 1682 3791 saluta·

388 3847 467 3897 rem:
498 3832 555 3891 hoc
575 3836 738 3909 prasinum
763 3842 914 3912 tempore,
942 3851 1001 3912 quo
1028 3834 1074 3908 agi
1100 3850 1148 3892 res
1177 3831 1274 3891 denuo
1303 3833 1410 3892 iamdiu
1442 3832 1607 3892 intermissa
1638 3834 1681 3892 in-

354 3933 468 4007 rogeuti
493 3952 560 3992 cum
585 3952 637 4012 spe
665 3937 831 4012 principum
856 3953 891 3994 ac
913 3933 1014 4012 populi
1035 3934 1173 3994 Germani
1195 3934 1310 4010 incipit,
1331 3942 1364 3995 ut
1380 3932 1451 3993 nihil
1473 3934 1537 3993 deri
1561 3952 1576 3993 a
1597 3932 1683 3994 nobis

385 4034 547 4100 insuetum,
567 4035 697 4115 nihilque
712 4055 819 4096 norum
836 4036 951 4096 rideant
969 4034 1007 4094 illi
1026 4036 1090 4113 qui,
1115 4053 1183 4095 curu
1199 4035 1340 4095 adversus
1355 4036 1550 4114 iniquissimas
1566 4034 1683 4095 illorum

385 4136 551 4195 exactiones
569 4138 743 4196 mutiremus
760 4155 864 4215 nuper,
881 4138 1035 4197 haereticos
1046 4135 1212 4197 clamabant
1226 4143 1255 4195 et
1267 4138 1363 4212 ignem
1380 4136 1466 4197 nobis
1483 4137 1691 4206 minabantur„

385 4251 420 4293 ac
445 4234 569 4296 Romam
598 4237 808 4314 pertrahebant
836 4255 943 4314 magno
967 4257 1036 4297 cum
1061 4239 1226 4300 Germaniae
1255 4246 1346 4299 motu.
1389 4241 1472 4318 quasi
1499 4257 1585 4299 uenio
1613 4246 1749 4308 anteear.
1812 4241 1835 4280 ⁹

386 4353 439 4393 nos
460 4335 517 4396 tale
539 4341 696 4418 quicquam
716 4358 806 4400 ausus
828 4345 919 4407 esset,
943 4348 994 4399 aut
1018 4342 1150 4400 sinemo
1173 4342 1259 4400 etiarn
1281 4359 1370 4400 ansus
1387 4348 1479 4409 esset,
1502 4358 1561 4399 non
1581 4340 1680 4400 buius·

350 4437 464 4497 asmodi
487 4446 585 4499 esseut
612 4459 664 4501 sua
687 4441 812 4507 scelera.
841 4448 874 4502 ut
902 4441 965 4501 brec
992 4440 1110 4519 publica
1136 4444 1226 4501 totius
1249 4442 1414 4502 Germaniae
1438 4441 1599 4501 rebellione
1622 4441 1682 4499 rin·

450 4706 461 4739 ⁸
480 4707 568 4775 istoc]
589 4712 709 4775 ipsorum
722 4713 796 4762 2...r.
853 4711 864 4743 ⁸
883 4727 935 4776 quo
955 4725 1015 4760 enm
1028 4714 1103 4761 Μ.
1158 4708 1178 4742 ¹⁴
1196 4707 1279 4775 Dion]
1299 4709 1439 4773 chrysost.
1452 4710 1486 4759 de
1499 4726 1585 4776 regno
1605 4714 1674 4760 oret.

384 4793 406 4842 1.
420 4792 452 4855 (1.
467 4811 493 4859 p.
507 4794 548 4843 52.
564 4795 605 4845 ed.
620 4796 727 4860 Reisk.)
746 4789 799 4862 τὴν
815 4789 868 4861 μὲν
886 4781 939 4846 οὖν
956 4786 1103 4861 ἁπλότητα
1120 4790 1169 4845 καὶ
1182 4786 1235 4860 τὴν
1247 4784 1393 4859 citriorum
1404 4784 1515 4859 ἡγεῖται
1529 4785 1678 4858 βασιλικὸν

383 4873 432 4927 καὶ
457 4871 615 4944 φρόνιμον·
640 4872 694 4945 τὴν
718 4874 750 4930 δὲ
774 4879 957 4944 πανουργίαν
980 4876 1030 4930 καὶ
1054 4873 1107 4946 τὴν
1130 4868 1388 4944 deceperimus
1405 4874 1455 4928 καὶ
1476 4872 1677 4941 δουλοπρεπές.

383 4961 404 4992 ¹⁰
424 4963 607 5030 Pythagoras]
627 4958 808 5030 Πυθαγόρας
822 4958 1000 5032 ἐρωθηθείς,
1018 4963 1051 5014 τί
1060 4960 1193 5013 ποιοῦσιν
1211 4952 1363 5026 ἄνθρωποι
1378 4963 1460 5021 θεοῖς
1473 4952 1588 5028 ὄμοιονς
1609 4955 1680 5028 ἔφη·

379 5034 654 5113 'sendra-octiens.
686 5050 988 5100 subrusticum.
1048 5046 1070 5080 ²⁵
1088 5063 1166 5098 orme
1185 5045 1252 5113 gen]
1272 5047 1447 5097 cellulinsll.
1506 5045 1528 5078 ²⁸
1546 5047 1680 5098 inuuob.

385 5134 444 5180 Μ.
497 5132 519 5164 ³2
537 5132 632 5201 nuper]
653 5136 766 5200 Respicit
786 5137 821 5186 ad
841 5133 1032 5186 Vmerorum
1050 5132 1287 5199 asepublicutum.
1344 5130 1366 5164 ⁸⁵
1384 5131 1532 5185 rebellioni
1546 5134 1605 5185 Μ.
