4067 6209
324 791 408 845 Lxx.
424 804 816 846 nvrr.anraou.x.raar.1u
829 803 911 843 nava.
920 804 1018 843 varum
1028 783 1063 841 on
1074 797 1513 844 nonar.cousr.n1s.t.nao.tort.
1549 775 1620 850 157

324 965 456 1026 lumento
479 966 549 1026 luit:
571 981 629 1043 pax
652 965 760 1025 etenim
784 950 848 1023 esso
869 963 899 1022 in
919 963 1073 1042 tyrannide
1088 961 1166 1023 nulla
1183 969 1295 1040 potest,
1318 964 1385 1041 quia
1400 961 1472 1024 iides
1487 949 1545 1024 non
1562 972 1622 1034 est;

325 1086 380 1127 nec
402 1068 510 1128 iustitia
535 1085 599 1127 esse
622 1072 731 1143 potest,
766 1066 832 1145 quia
855 1083 941 1124 suum
964 1066 1071 1143 cuique
1094 1053 1153 1124 non
1176 1072 1235 1134 est;
1269 1073 1298 1125 et
1325 1065 1392 1143 quia
1421 1064 1500 1143 leges
1523 1067 1622 1145 oppri-

326 1176 410 1229 munt
431 1169 561 1247 tyranni:
586 1186 640 1228 noc
663 1186 764 1227 verum
787 1166 885 1226 dicere
907 1165 990 1234 licet,
1014 1167 1081 1244 qnia
1103 1165 1223 1225 libertas
1245 1184 1304 1226 non
1328 1174 1387 1236 est,
1410 1174 1439 1227 at
1461 1185 1538 1227 nnnc
1554 1187 1621 1229 vere

326 1269 412 1329 liberi
434 1289 550 1339 sumus,
574 1272 640 1348 quia
663 1288 766 1348 pacem
790 1268 948 1337 babemus,
979 1285 1067 1345 quam
1089 1267 1232 1328 babentes
1254 1270 1333 1346 pacis
1355 1286 1472 1347 quoque
1499 1268 1620 1354 adbibe-

304 1371 424 1431 obimus
446 1372 550 1431 studia.
596 1369 680 1440 Qirod
703 1370 758 1431 sub
781 1369 854 1431 lulio
876 1371 964 1447 igitur
987 1367 1133 1429 bellorum
1156 1370 1280 1430 authore
1302 1389 1361 1429 non
1382 1369 1475 1439 licuit,
1499 1379 1532 1432 ut
1546 1379 1623 1432 esset
1633 1383 1677 1433 §.a

328 1473 390 1532 haec
412 1471 621 1549 tranquillitas,
655 1472 683 1531 id
707 1471 763 1532 sub
787 1480 815 1531 te
837 1472 918 1548 pacis
940 1478 1140 1530 restauratore
1163 1471 1386 1549 usurpabimus,
1420 1474 1503 1532 utin
1531 1472 1623 1534 literis
1666 1537 1671 1541 ,

328 1574 578 1651 conquiescamus
623 1573 751 1633 Proinde
773 1574 802 1632 in
825 1572 921 1632 lucem
944 1571 1068 1650 prodeat
1097 1572 1192 1650 siquid
1216 1573 1264 1634 diu
1288 1572 1383 1643 latuit,
1413 1581 1442 1633 et
1464 1592 1499 1634 eo
1520 1576 1623 1635 maiori

328 1694 395 1735 cum
418 1674 523 1734 fiducia
547 1674 684 1752 prodeat,
708 1680 817 1753 quanto
839 1674 967 1752 quidque
988 1675 1099 1741 verius,
1123 1682 1291 1752 quantoque
1306 1693 1428 1753 syncere
1443 1677 1536 1753 magis
1550 1678 1622 1737 scri·

328 1783 411 1852 ptum
434 1783 493 1843 est;
525 1760 619 1854 qualis
640 1775 688 1835 hic
711 1783 755 1835 est
776 1775 866 1844 liber,
899 1794 987 1854 quem
1010 1774 1057 1834 alii
1080 1775 1190 1835 idcirco
1213 1796 1272 1836 non
1301 1776 1433 1837 tulerunt
1448 1779 1622 1855 pontifices,

291 1888 316 1929 ¹⁰
331 1878 397 1954 quia
421 1887 522 1937 verum
544 1878 645 1938 audire
669 1875 841 1946 noluerunt,
874 1885 907 1937 tu
929 1878 1039 1937 idcirco
1061 1877 1187 1946 arnobio,
1221 1879 1287 1956 qnia
1317 1879 1443 1938 veritatis
1470 1880 1527 1939 iam
1555 1887 1623 1940 ante

328 1978 466 2057 poculum
491 1979 575 2040 nobis
596 1980 767 2057 propinasti.
812 1998 880 2038 uam
903 1980 940 2039 ad
961 1988 991 2038 te
1013 1977 1135 2038 meliore
1159 1981 1336 2039 conscientia
1361 1982 1529 2056 pontificem
1552 1982 1622 2060 quid

327 2081 470 2156 pertinet,
501 2081 578 2159 qnod
602 2088 704 2141 contra
728 2079 915 2140 ecclesiastici
938 2087 1031 2139 status
1053 2080 1225 2157 dignitatem
1247 2082 1374 2158 scriptus
1401 2081 1438 2141 ab
1468 2081 1524 2141 illis
1546 2084 1621 2144 lere·

329 2179 430 2251 batur,
454 2189 503 2241 aut
519 2182 596 2262 quod
613 2184 642 2242 in
656 2184 808 2260 pontiticcs
823 2181 999 2242 maledicum
1016 2201 1080 2242 esse
1096 2182 1250 2242 dicebant?
1273 2182 1409 2241 Proiecto
1432 2184 1622 2262 enim-neque
1632 2191 1676 2241 §.t

328 2283 448 2343 fuerunt
463 2286 622 2360 pontifices
644 2284 684 2344 illi
708 2286 756 2362 qui
779 2286 927 2343 linxerunt
950 2283 1129 2343 Constantini
1158 2285 1359 2349 donationem,
1395 2285 1460 2361 quia
1488 2292 1623 2361 pastores

296 2399 391 2444 unon
414 2386 546 2453 luerunt:
571 2405 666 2464 neque
690 2385 811 2446 ecclesia
834 2387 888 2446 luit
903 2403 968 2463 quae
983 2403 1051 2446 eum
1067 2387 1192 2463 accepit,
1216 2385 1283 2462 quia
1299 2384 1535 2446 Christilldelinm
1552 2406 1622 2447 con·

330 2495 432 2546 ventus
455 2505 513 2546 non
536 2488 604 2562 luit:
628 2489 651 2545 si
676 2488 797 2546 inissent
820 2496 952 2564 pastores
974 2488 1066 2555 enim,
1090 2490 1236 2564 pavissent
1257 2485 1326 2545 oves
1345 2486 1465 2557 Christi,
1490 2506 1549 2547 uon
1572 2489 1622 2549 de·

331 2589 458 2647 vorando
481 2589 669 2655 invasissent;
693 2596 722 2648 et
743 2590 767 2646 si
791 2588 912 2648 ecclesia
935 2589 1051 2658 luisset,
1075 2590 1176 2667 utique
1190 2596 1323 2656 vocasset
1337 2588 1373 2648 ad
1391 2590 1476 2649 vitam
1492 2597 1520 2649 et
1534 2589 1623 2650 liber·

330 2697 419 2748 tatem
441 2697 557 2766 petitos,
588 2709 646 2749 non
669 2689 724 2749 sub
747 2691 847 2768 iugum
870 2690 1007 2750 traxisset
1030 2692 1151 2769 imperia
1173 2698 1203 2751 et
1225 2691 1372 2751 nationes:
1405 2692 1447 2751 sic
1475 2689 1523 2751 illa
1546 2693 1623 2752 enim

331 2789 460 2868 loquitur
492 2791 602 2851 ‘Venite
631 2792 667 2851 ad
698 2811 745 2851 me
774 2809 877 2850 omues
906 2793 955 2869 qui
978 2793 1183 2870 concupiscitis
1205 2810 1267 2861 me,
1297 2799 1326 2852 et
1348 2811 1363 2851 a
1386 2786 1625 2870 generationibus

294 2893 404 2951 romeis
426 2892 643 2970 adimplemini.
688 2893 774 2953 Certe
796 2892 898 2971 implet
920 2912 994 2972 quos
1016 2894 1128 2971 accepit
1150 2893 1226 2964 liaee,
1250 2893 1297 2954 ille
1320 2893 1538 2973 malignantium
1555 2914 1625 2956 con·
1733 2963 1735 2968 Α

318 3002 434 3054 ,ventus
462 2993 591 3054 inanibat
621 3002 650 3054 et
678 2994 878 3055 exhauriebat.
923 2994 999 3056 Tum
1027 3003 1161 3073 pastores
1188 3015 1252 3056 esse
1282 2996 1376 3056 bonos
1405 2997 1527 3058 vicarios
1555 3005 1680 3058 subal-⁹.

245 3155 246 3158 ,
332 3095 414 3153 iussit
436 3095 582 3164 Christus,
605 3115 664 3155 nou
688 3115 806 3156 voraces
828 3095 928 3174 lupos:
956 3098 997 3157 sic
1020 3096 1107 3157 Petro
1130 3097 1202 3157 dixit
1224 3100 1301 3157 enim
1324 3098 1436 3164 ‘tetre
1466 3118 1546 3159 amas
1567 3118 1624 3168 me,

333 3213 419 3272 pasce
442 3215 511 3256 oves
533 3198 640 3266 meas';
679 3198 787 3258 ‘Pasce'
816 3200 888 3259 dixit
916 3209 995 3259 ‘oves
1017 3200 1115 3268 meas',
1144 3217 1204 3259 non
1233 3200 1349 3259 ‘devora
1379 3199 1496 3277 plebem
1519 3219 1624 3269 meam,

332 3298 407 3357 sicut
430 3316 526 3359 escam
549 3300 655 3377 panis’;
679 3307 708 3359 et
723 3301 752 3359 in
767 3301 962 3377 apostolatum
978 3302 1085 3362 voca‘ns
1108 3301 1234 3360 ‘Faciam
1258 3301 1316 3360 vos'
1339 3302 1433 3380 inquit
1455 3303 1626 3379 ‘piscatores

297 3398 505 3470 eslrominum',
528 3400 584 3460 hoc
601 3376 785 3469 est,⁶laciam
803 3410 834 3462 ut
857 3402 1043 3480 praedicando
1066 3413 1094 3463 et
1117 3403 1192 3464 bona
1216 3401 1348 3481 exempla
1364 3403 1479 3463 edendo
1495 3401 1625 3463 alliciatis

333 3498 368 3558 ad
391 3499 541 3561 veritatem
565 3510 697 3564 errantes
719 3523 735 3563 a
759 3504 824 3563 fide.
869 3502 953 3573 Quod
977 3505 1045 3582 quia
1068 3512 1098 3563 to
1122 3507 1268 3582 sequeris,
1292 3505 1327 3565 ad
1351 3506 1479 3565 ollicinm
1502 3504 1624 3565 rediisse
1634 3514 1693 3565 §.¹⁰-

333 3601 411 3662 hunc
434 3603 581 3672 ordinem,
615 3612 642 3665 te
664 3606 692 3665 id
716 3607 874 3672 efficiente,
910 3612 937 3664 te
959 3623 1077 3682 pacem,
1111 3613 1140 3665 to
1167 3606 1345 3675 libertatem,
1379 3614 1408 3666 te
1436 3607 1574 3666 iustitiam
1597 3614 1626 3667 et

333 3705 481 3764 veritatem
506 3715 676 3778 revocante,
700 3708 862 3786 gaudemus
884 3715 913 3767 et
943 3705 1116 3767 exultamus.
1162 3727 1226 3785 quae
1254 3708 1347 3769 laetior
1373 3727 1501 3787 namque
1533 3709 1634 3768 audiri

333 3823 387 3863 von
410 3808 520 3882 potuit?
543 3809 621 3886 quod
645 3811 760 3870 suavius
783 3808 924 3870 verbnm?
948 3809 1048 3886 ltaque
1071 3826 1160 3885 parvo
1182 3811 1313 3887 negotio,
1344 3819 1412 3887 puta
1436 3828 1495 3870 uno
1517 3828 1626 3888 propo·

298 3931 324 3970 ,vu
334 3908 389 3964 sito
412 3907 548 3976 verbulo,
572 3927 706 3987 magnam
730 3911 871 3972 sustulisti
894 3932 909 3971 e
929 3910 1027 3970 medio
1043 3911 1194 3970 bominum
1209 3919 1373 3972 vestrorum
1389 3912 1626 3990 indignationem,

334 4008 530 4069 vehementeis
546 4013 734 4087 composuisti
750 4015 915 4074 animorum
931 4020 1042 4082 motus,
1065 4014 1150 4072 exitia
1167 4014 1367 4081 intervertisti,
1390 4011 1532 4073 tumultus
1547 4016 1627 4074 coni·

335 4110 480 4188 pesruisti.
525 4110 609 4179 Quod
633 4115 764 4175 loturum
787 4117 875 4193 igitur
899 4116 966 4183 luit,
989 4117 1012 4174 si
1035 4117 1064 4174 in
1087 4114 1196 4174 malum
1218 4114 1344 4193 aliquem
1366 4116 1533 4192 pontificem
1555 4117 1695 4183 inci-§.tt

335 4210 444 4269 dissent
467 4212 511 4274 lue
534 4213 687 4275 hominum
710 4218 914 4293 cogitationes,
939 4223 970 4278 ut
993 4219 1018 4276 vi
1042 4224 1070 4276 et
1093 4215 1227 4277 violentia
1250 4218 1433 4296 eriperemus
1454 4217 1492 4277 ab
1514 4219 1628 4279 iniustis

335 4314 554 4388 possessoribus
577 4317 681 4384 multa,
715 4318 771 4378 hoc
793 4337 848 4396 per
871 4326 899 4378 te
921 4320 1029 4379 lactum
1052 4327 1110 4388 est,
1146 4328 1177 4380 ut
1205 4321 1276 4379 citra
1304 4320 1422 4380 turbam
1451 4320 1628 4397 quiescendo

299 4432 552 4494 asconsequautur
574 4420 680 4478 omnia.
719 4418 820 4490 Vides,
843 4421 929 4498 quale
951 4429 1034 4481 tuum
1058 4422 1165 4482 lactum
1188 4423 1384 4499 interpretor,
1408 4440 1476 4481 vere
1498 4423 1696 4499 pontinum.

332 4527 537 4542 B-———..-..

403 4600 439 4634 ²·³
458 4603 582 4666 Tyranni
601 4606 759 4671 opprimunt
778 4607 865 4672 leges.
883 4624 962 4672 murp.
978 4609 1038 4656 Μ.
1113 4608 1200 4657 Verba
1219 4608 1337 4657 fides
1358 4621 1419 4656 esse
1438 4613 1545 4673 potest,
1565 4610 1631 4673 quia
1710 4630 1717 4643 ·

334 4687 415 4736 omisit
430 4690 453 4735 6.
508 4686 622 4738 ⁵lulins
641 4690 775 4740 bellorum
794 4692 902 4742 author.
920 4696 1077 4756 ntorum.
1121 4692 1195 4741 ’bic
1208 4694 1332 4742 liberest
1352 4697 1402 4740 MS.
1416 4699 1443 4738 A.
1494 4691 1515 4724 ¹³
1528 4693 1593 4758 quid
1604 4697 1630 4744 6.

336 4768 356 4801 ¹⁴
376 4772 553 4822 Constantini
571 4774 750 4826 donationem
769 4776 905 4842 fingentes
922 4778 1069 4842 pontifices
1088 4791 1142 4826 non
1154 4778 1274 4830 fuerunt.
1293 4794 1373 4842 marg.
1389 4778 1449 4825 M.
1503 4776 1525 4808 ¹⁹
1542 4777 1630 4844 loqui·

336 4854 388 4920 tur]
400 4856 758 4910 Ecclesiastio.XXlIlI.tt.
794 4860 814 4893 ²¹
830 4861 1005 4911 inaniebatd.
1042 4861 1064 4893 ²²
1076 4857 1156 4925 dixit]
1169 4861 1275 4926 Evang.
1284 4877 1340 4911 see.
1348 4862 1444 4912 Ioann.
1452 4860 1563 4912 XXIaa.
1571 4880 1631 4929 sqq.

335 4939 446 4990 ²³meus
465 4958 532 4991 oves
551 4947 577 4994 4.
635 4944 656 4975 ²⁴
676 4944 788 5011 vocans]
808 4949 915 5011 Evang.
929 4962 984 4995 see.
998 4948 1200 4998 Matth.1v.is.
1220 4962 1277 4996 see.
1292 4948 1379 4997 blare.
1393 4948 1632 4999 Lib—Utinam
1669 5002 1673 5011 ,

336 5024 363 5073 id
387 5026 439 5075 boc
467 5033 590 5093 ternpore
621 5036 788 5080 servaretur.
818 5049 898 5096 marp.
913 5034 973 5081 Η.
1054 5031 1077 5064 ²²
1094 5034 1153 5082 Leo
1180 5037 1352 5082 restaurator
1378 5033 1488 5098 pristini
1517 5033 1631 5085 ordinis.

335 5128 413 5176 raorp.
430 5114 488 5161 Μ,
537 5111 556 5144 ³¹
578 5115 758 5165 uehementes
778 5120 824 5163 MS.
840 5123 867 5161 Α.
