4067 6209
467 746 539 818 122
565 759 700 811 xxxvl.
719 767 741 809 t.
752 773 816 808 non.
829 771 911 807 ussus
925 771 1081 808 nassonem
1094 751 1224 808 nsxmn‘.
1238 772 1275 808 nn
1288 773 1412 809 numm
1425 775 1514 810 emur.
1529 776 1642 813 mmm

616 931 739 992 Rhenus
759 929 798 990 ab
820 927 959 989 Ausoniis
978 933 1122 1003 quantum
1140 928 1225 1003 suqit
1245 929 1369 1006 Alpibus
1390 938 1419 993 et
1438 933 1520 1008 quad

549 1056 588 1097 nm
687 1035 762 1093 Hoec
783 1034 861 1092 inter
878 1033 1014 1107 spacium
1035 1032 1151 1094 claudit
1169 1038 1326 1107 utrumque
1346 1050 1445 1108 mare,

621 1137 693 1197 Tam
715 1138 775 1194 late
793 1136 927 1209 patrium
944 1149 1071 1207 reqnum
1090 1150 1278 1209 exercemus,
1298 1143 1327 1196 et
1346 1138 1423 1196 iilud

696 1239 755 1296 Vix
775 1240 863 1295 etium
887 1235 1022 1311 Odrysiis
1041 1238 1182 1296 termmai
1201 1238 1280 1297 Ister
1300 1241 1397 1312 aquis.

553 1395 559 1402 .
621 1340 706 1401 Unde
726 1355 781 1418 nec
802 1338 931 1397 imbelles
951 1337 1046 1397 Iudas
1065 1340 1201 1398 maiiesve
1222 1338 1356 1413 Saiteas,

548 1462 587 1503 nus
685 1442 747 1502 Nec
769 1440 892 1500 Persam
914 1440 1029 1499 medias
1051 1440 1186 1501 ducimus
1207 1443 1285 1501 iuter
1300 1458 1387 1517 opes·

615 1544 679 1605 Sed
696 1561 793 1620 qenus
816 1559 889 1603 acre
905 1544 1002 1602 mrum
1018 1541 1164 1617 serraque
1185 1544 1339 1604 horrentia
1360 1547 1421 1605 iate

689 1648 831 1720 Aqmina,
853 1660 912 1704 nau
931 1646 1032 1718 atiquo
1053 1654 1137 1704 sueta
1154 1645 1255 1705 iubare
1274 1649 1373 1720 premi
1378 1694 1385 1720 ‚

617 1751 737 1810 Gentem
759 1750 858 1807 unirrw
879 1745 1025 1820 infracto,
1046 1749 1208 1822 patientem
1226 1747 1332 1822 friqus
1352 1755 1382 1808 et
1398 1758 1514 1823 (estam,

548 1874 586 1916 ιω
689 1850 820 1925 Tamque
840 1852 916 1910 sitim
935 1849 1025 1909 docta
1045 1865 1134 1923 quam
1156 1852 1286 1910 tolerare
1304 1851 1435 1925 samem:

616 1954 673 2015 His
692 1969 747 2027 eqo
765 1958 806 2012 tat
821 1954 942 2027 papulis
962 1951 1081 2010 Gallum
1100 1951 1261 2026 pronibere
1280 1956 1429 2015 minacem

688 2056 791 2129 Deque
813 2060 862 2113 tua
875 2054 961 2129 potui
974 2057 1105 2128 petiere,
1128 2063 1160 2113 ut
1181 2064 1266 2128 ante,
1284 2059 1370 2126 sinu,-

617 2160 760 2219 Fortuna
780 2157 919 2216 sederat
940 2156 1106 2216 cedendum
1127 2159 1266 2231 temperis
1287 2160 1390 2232 tinius,

548 2281 586 2323 sm
688 2261 781 2332 Quam
796 2274 877 2334 soeqe
899 2259 1022 2317 inuitam
1038 2258 1198 2318 detinuisse
1217 2267 1316 2319 nocet:

616 2363 704 2423 Nunc
722 2362 827 2421 eadem
848 2359 981 2421 euentum
1004 2364 1153 2421 meliorem
1172 2363 1298 2437 spondet
1317 2370 1346 2425 et
1365 2366 1457 2424 audet

686 2466 795 2525 Dicere
816 2481 848 2523 se
864 2463 946 2536 sacti
962 2465 1135 2538 paenituisse
1155 2466 1213 2523 sui.

616 2568 693 2626 Fata
713 2567 802 2625 datus
822 2582 906 2640 mque
926 2581 1028 2625 rerum
1048 2565 1239 2625 moderentur
1256 2567 1403 2642 habenas,

549 2689 588 2729 sss
689 2668 805 2728 Certum
825 2674 869 2727 est
889 2669 949 2727 siue
969 2668 1023 2726 tibi
1041 2669 1160 2728 uincere
1180 2671 1352 2730 sinemuri:

624 2771 742 2830 Viribus
761 2771 882 2845 imperii
896 2772 1010 2829 saciata
1030 2772 1207 2829 resumimus
1225 2787 1314 2831 arma

686 2855 816 2931 ducturi
834 2874 865 2930 iu.
880 2874 957 2944 fines
971 2875 1109 2948 protinus
1130 2873 1183 2931 iiia
1202 2877 1280 2945 tuas,

616 2973 709 3036 Arma
730 2991 785 3034 nec
806 2976 959 3049 antiquum
981 2980 1094 3034 tantum
1117 2976 1219 3034 uisura
1242 2974 1428 3050 Tridentum,

547 3101 585 3143 sn
684 3076 779 3137 Arma
797 3094 855 3152 per
877 3079 1005 3153 Alpinas
1024 3079 1112 3151 lanqe
1133 3078 1252 3137 abitura
1268 3082 1359 3139 niues.

619 3182 691 3242 Tum
714 3198 809 3255 neque
825 3179 993 3253 soedisraqi
1010 3195 1113 3238 uecors
1134 3182 1254 3242 insania
1274 3182 1355 3241 Galli

686 3284 827 3357 Euqunei
843 3283 959 3342 absistet
980 3299 1036 3341 nec
1053 3282 1174 3341 domina
1195 3283 1249 3342 itia
1270 3286 1380 3351 maris:

614 3388 680 3447 Non
701 3388 830 3460 aliquem
850 3386 931 3443 dices
955 3383 1145 3443 Fridericum
1167 3387 1328 3445 animosius
1345 3389 1416 3459 isse,

547 3510 585 3552 ns
685 3488 838 3562 Europam
860 3493 949 3561 atque
969 3486 1072 3546 Asiam
1090 3486 1222 3561 sreqerit
1242 3489 1292 3547 ille
1310 3490 1395 3557 iicet,-

618 3591 691 3651 Tum
712 3590 786 3649 milii
805 3589 999 3663 retraqradas
1021 3589 1177 3648 Florentia
1197 3592 1323 3664 pinqere
1344 3609 1471 3651 cancros

686 3693 804 3752 Audeat
824 3698 853 3751 et
872 3694 957 3751 clara
976 3691 1030 3751 sub
1050 3690 1121 3750 Ioue
1137 3690 1226 3764 serre
1244 3693 1351 3765 faces·

618 3795 697 3855 Tum
711 3794 816 3854 mediis
833 3793 914 3866 saxa
933 3795 1058 3864 recitent
1074 3810 1151 3853 noua
1171 3797 1309 3854 carmina
1330 3799 1451 3864 scamis,

545 3919 584 3960 sm
685 3897 854 3971 Cantemqtn
875 3905 1002 3956 careant
1017 3899 1102 3956 nulia
1123 3898 1242 3957 theatra
1264 3901 1329 3958 mei.

613 4001 678 4061 Non
700 3992 799 4058 tumen
820 4000 875 4057 iiia
891 4004 1006 4074 mouent
1024 4009 1166 4072 qnantum
1191 4007 1243 4079 tua
1262 4001 1375 4060 damna
1391 4018 1554 4077 precesque

657 4082 659 4087 ’
688 4099 811 4174 Udaque
829 4101 866 4159 de
888 4101 1051 4175 lachrymis
1068 4104 1168 4162 littera
1187 4101 1276 4174 sucta
1296 4105 1363 4162 tuis.

615 4204 750 4275 Qualibet
770 4205 900 4273 interea,
922 4204 1061 4276 queniam
1083 4205 1163 4274 ticet,
1186 4205 1322 4279 improba
1342 4208 1453 4266 iactent

545 4326 582 4366 sn
685 4305 812 4364 Consilia
833 4306 947 4378 iuqrati
964 4306 1095 4379 pessima
1117 4307 1206 4365 turba
1224 4310 1331 4380 animi,

576 4425 578 4431 ·
613 4408 708 4467 Poena
727 4410 823 4466 scelus
841 4423 897 4466 sua
919 4408 1058 4482 quodque
1074 4416 1186 4482 manet,
1208 4410 1273 4468 sine
1293 4412 1418 4471 crimine
1438 4412 1513 4469 laesa

683 4511 801 4572 Invenit
821 4514 930 4572 ultores
948 4512 1048 4586 qiaria
1071 4527 1143 4571 nera
1164 4511 1242 4571 deas.

457 4695 668 4708 *ᾖ

526 4849 559 4883 ¹⁹¹
577 4851 671 4901 Renus
683 4854 710 4901 2.
764 4856 829 4917 quot
842 4854 867 4900 2.
926 4848 960 4882 ¹⁹²
977 4849 1098 4915 spatium
1111 4853 1137 4899 5.
1190 4846 1223 4880 ²⁹⁴
1242 4847 1350 4915 Odrys.]
1369 4850 1514 4899 Thraeicius.
1540 4915 1543 4920 ι
1566 4847 1600 4880 ²⁹⁸
1617 4847 1717 4901 Persas
1729 4853 1755 4901 2.

459 4935 666 5002 ⁸⁰³chendisi.
714 4935 873 4988 ³⁰⁸Viribus
886 4939 912 4985 2.
958 4933 992 4967 ⁸¹³
1004 4925 1226 5001 neqneinptoris
1239 4949 1336 4983 vecors
1350 4932 1466 4999 [vaecot's
1479 4931 1516 5000 3.]
1531 4938 1603 4985 3...5.
1651 4933 1757 4986 ³¹³Fri·

459 5021 600 5072 derichum
615 5025 673 5071 ut.
725 5021 759 5054 ³¹²
779 5022 818 5084 Cf.
837 5023 947 5072 Hutteni
963 5024 1046 5086 eqiqr.
1066 5022 1097 5070 In
1111 5020 1248 5088 picturum
1261 5018 1295 5068 de
1309 5018 1429 5070 Caesare.
1443 5021 1557 5086 „Nuper
1568 5020 1757 5087 retrogrado?

459 5111 484 5155 et
501 5121 581 5170 supra
593 5109 669 5157 Hutt.
687 5123 765 5158 carm.
777 5124 800 5158 u.
813 5105 873 5157 240.
926 5105 960 5139 ⁸¹²
977 5105 1101 5156 lacrimis
1114 5108 1140 5155 5.
1192 5103 1276 5154 litera
1290 5106 1348 5155 3.5.
