4067 6209
448 735 495 807 30
525 747 617 799 XIIII.
628 761 713 798 onom
721 761 759 798 nn
769 760 919 797 snvcnnrrr.
938 747 1224 798 XV.nvn.aonrconnr
1234 761 1271 797 u>
1281 762 1396 799 vunnu.
1414 748 1485 799 XVI.
1493 765 1519 799 e.
1527 764 1608 800 nsssr
1617 765 1654 800 en
1664 765 1748 801 rvsn.

290 903 304 934 ⁰
386 938 431 989 §.s
445 923 549 999 alioqui
569 920 730 980 scriberem:
753 919 827 975 dedit
842 918 936 976 literas
951 919 1167 983 bmoberdistae,
1191 919 1290 998 quibus
1306 920 1352 977 illc
1369 920 1417 977 tibi
1433 921 1536 996 lapides
1557 941 1571 980 c
1589 925 1631 979 vin
1649 923 1748 991 tollere

443 1009 581 1086 precipit3
597 1006 698 1063 alteras
714 1016 774 1061 tuas
789 1022 857 1078 quas
873 1014 902 1061 tu
918 1004 950 1061 ad
966 1007 1081 1061 eundem
1092 1004 1242 1062 ernoldum
1257 1006 1379 1069 dederas,
1397 1008 1575 1080 requirendas
1587 1010 1680 1065 docuit
1692 1010 1748 1065 blo·

380 1135 385 1140 -
443 1095 546 1171 guntiae
567 1112 582 1149 a
596 1090 767 1165 chordigeris
783 1090 920 1164 putribus,
935 1108 1003 1147 eum
1021 1108 1136 1164 quorum
1148 1091 1279 1165 praelecto
1292 1093 1426 1166 nudipede
1438 1094 1465 1147 in
1479 1094 1596 1166 iurgium
1608 1095 1745 1155 descendi,

443 1180 516 1257 quod
531 1178 652 1235 ed‘utirel
666 1185 694 1233 te
708 1175 894 1249 iurisperitum
911 1175 1006 1232 falcem
1020 1174 1127 1233 misisse
1143 1177 1169 1232 in
1186 1193 1301 1232 messem
1323 1177 1529 1251 theologorum,
1551 1180 1679 1253 quodque
1695 1180 1744 1235 im·

443 1263 538 1341 pietati
558 1265 636 1320 daret
651 1261 812 1335 religionem
827 1269 948 1319 nostram
964 1259 1012 1315 abs
1029 1268 1055 1317 te
1071 1270 1171 1319 sectam
1187 1268 1315 1317 vocatam.
1347 1264 1480 1335 quaerenti
1496 1264 1560 1318 milri
1582 1265 1620 1319 nil
1642 1273 1744 1337 prester
1767 1262 1780 1301 ⁶

383 1364 428 1416 §.s
442 1351 511 1408 lranc
526 1349 631 1405 llrtilem
647 1346 826 1403 obiectionem
842 1347 1008 1421 respondere
1022 1348 1114 1419 potuit
1129 1346 1277 1402 obliviosus
1292 1364 1374 1421 agaso
1389 1348 1628 1406 circumforaneus.
1655 1348 1699 1404 Sic
1714 1367 1744 1404 se

442 1436 555 1497 habent,
579 1451 612 1490 eo
627 1431 769 1489 dementire
783 1448 931 1505 pervenere
948 1431 1073 1487 occaecati
1089 1432 1176 1494 lorii,
1199 1439 1230 1487 ut
1245 1432 1341 1489 nullibi
1358 1433 1476 1489 residere
1486 1435 1648 1502 ‘existiment
1664 1433 1742 1489 tlreo·

440 1520 556 1594 logiam,
583 1518 802 1592 augustissimam
816 1517 966 1578 dominam,
991 1532 1071 1589 quam
1086 1516 1114 1571 in
1134 1516 1191 1572 suis
1213 1515 1344 1573 obsoletis
1359 1517 1488 1578 cetibus,
1520 1536 1599 1592 quam
1620 1520 1687 1574 adeo
1703 1519 1743 1573 in·

441 1607 557 1663 honeste
578 1603 739 1678 plerumque
760 1610 891 1664 tractant,
917 1611 948 1658 ut
968 1609 1049 1676 putes
1069 1602 1194 1675 pudicam
1214 1612 1365 1658 matronam
1387 1603 1511 1677 rapuisse
1533 1604 1558 1658 in
1587 1603 1742 1660 coenobium

441 1690 622 1749 meretricum.
649 1687 700 1744 Eas
711 1688 804 1744 literas
820 1697 883 1762 post
898 1686 1094 1743 domuitionem
1108 1686 1190 1742 variis
1205 1688 1297 1744 amicis
1313 1689 1374 1744 misi
1389 1687 1518 1761 voluique
1532 1707 1582 1763 per
1598 1687 1740 1762 epistolam
1754 1689 1780 1731 ¹⁰

443 1785 515 1833 tuam
537 1774 603 1830 mibi
624 1776 743 1831 levorem
767 1772 927 1835 conciliare:
956 1771 1003 1827 sed
1025 1770 1220 1845 impedimento
1242 1773 1318 1829 luere
1340 1781 1415 1829 tenta
1437 1772 1542 1829 itineris
1564 1774 1692 1829 distantia
1715 1781 1742 1828 et

441 1860 601 1919 nunciorum
615 1859 713 1916 raritas
728 1859 777 1914 lrec
792 1859 819 1915 in
835 1857 995 1914 solitudine:
1012 1872 1084 1913 nunc
1098 1856 1215 1931 primum
1231 1874 1259 1913 se
1275 1858 1354 1918 nobis
1370 1857 1470 1914 obtulit
1486 1859 1606 1921 occasio,
1624 1876 1676 1932 qun
1693 1859 1741 1913 tibi

440 1948 498 2004 hec
513 1943 707 2019 extemporalia
727 1943 902 2005 effundimus,
923 1959 983 2015 quae
1006 1941 1082 2015 legas
1097 1942 1176 1998 velim
1197 1942 1255 1999 sine
1277 1943 1391 2005 iudicio,
1416 1961 1446 1998 ac
1463 1945 1601 2016 egregiam
1618 1951 1739 2000 nostram

441 2033 474 2088 de
489 2039 516 2087 te
531 2029 698 2087 voluntatem
721 2045 755 2084 ne
774 2036 942 2085 contemnas.
971 2026 1023 2082 diis
1044 2025 1149 2101 tibique
1169 2028 1249 2083 thure
1269 2019 1468 2090 sacrificavero,
1495 2029 1518 2084 si
1538 2047 1581 2084 me
1601 2030 1628 2084 in
1649 2029 1739 2084 album

373 2125 551 2177 §.tomorum
566 2115 675 2190 legeris.
712 2113 893 2170 llartmannus
914 2111 980 2167 iuris
1000 2110 1190 2168 consultorum
1211 2111 1396 2169 nobilissimus
1415 2121 1498 2186 utque
1513 2113 1644 2169 nobilium
1660 2114 1776 2169 iuris-¹⁵

441 2201 673 2261 consultissimus,
700 2199 741 2253 vir
760 2198 850 2255 clarus
870 2216 886 2253 e
907 2196 1007 2253 lamilia
1023 2197 1251 2270 burggraviorum
1272 2198 1305 2254 de
1321 2197 1487 2272 liirchlrerg,
1517 2198 1564 2254 tibi
1592 2198 1738 2273 plurimum

441 2290 520 2344 lavet.
552 2285 616 2342 Vale
632 2294 660 2343 et
675 2283 756 2340 salve.
786 2283 838 2339 Vll.
854 2282 965 2339 Kalend.
980 2281 1150 2338 Februarias.

441 2555 577 2632 -L
1046 2548 1132 2625 XV.
1598 2551 1737 2627 ,l-

732 2722 926 2780 nvnotruvs
947 2723 1112 2781 ionicum
1136 2722 1266 2780 ruerus
1288 2722 1440 2780 vrnrmo.

439 2903 494 2917 ...
519 2862 548 2919 P.
565 2861 591 2916 S.
616 2860 652 2916 be
666 2860 830 2919 carminibus
845 2860 957 2917 llutteni
977 2877 1034 2917 non
1055 2868 1097 2916 est
1119 2861 1191 2936 quod
1213 2869 1239 2916 te
1261 2876 1352 2933 angae.
1378 2859 1522 2916 lectiones
1543 2868 1599 2916 tum
1619 2857 1771 2933 publicem

440 2957 496 3004 tum
511 2948 622 3021 private
637 2947 774 3009 lecerunt,
791 2954 820 3001 ut
835 2944 947 3002 dilatum
962 2947 1007 3002 sit.
1033 2944 1125 3003 Placet
1140 2945 1205 3003 milri
1220 2945 1428 3022 lluttenusgqui
1443 2964 1458 3002 a
1473 2946 1541 3003 lucie
1555 2945 1654 3020 Lipsiis
1670 2944 1736 3000 milvi

438 3041 522 3096 notus
537 3032 598 3089 luit.
626 3032 725 3105 begam
739 3030 858 3106 publice.

437 3216 495 3267 XV.
509 3216 551 3266 Ex
564 3213 757 3280 cedsongell.
770 3213 837 3264 mihi
851 3214 1067 3265 communicavit
1079 3212 1245 3264 Strcussius.
1263 3214 1424 3264 Putsverim
1438 3211 1659 3279 epistolam-quae
1672 3213 1734 3263 loco

437 3301 537 3366 dieque
555 3316 610 3350 non
627 3300 766 3364 expressis
784 3304 874 3360 extet,
892 3300 1026 3365 scriptam
1044 3314 1106 3349 esse
1122 3304 1296 3364 postqusme
1313 3298 1451 3350 cracovia
1463 3290 1654 3349 vindobonam
1673 3299 1733 3349 sive

342 3380 348 3396 ’
437 3387 498 3452 ipse
520 3390 638 3436 venerat
649 3384 781 3450 Agricola
798 3386 858 3435 sive
871 3383 957 3434 libros
974 3384 1014 3444 ibi
1027 3384 1172 3457 publicare
1195 3387 1327 3448 coeperet,
1343 3399 1415 3433 snno
1430 3383 1503 3434 1513.
1529 3383 1640 3448 Scripta
1653 3384 1770 3438 huiusm

400 3452 406 3463 ⁵
435 3471 552 3521 iunioris
569 3465 630 3522 sive
642 3470 905 3536 weissenburgensis
918 3469 1143 3535 (Hydroburgii),
1162 3484 1216 3519 uon
1228 3469 1314 3518 Frisii
1332 3468 1472 3531 (senioris)
1490 3469 1540 3518 sed
1552 3468 1658 3531 Rhaeti,
1678 3469 1732 3519 Ru·

436 3556 529 3621 dolpbi
547 3555 686 3621 Agricolae
705 3555 832 3606 indicate
849 3559 914 3605 sunt
931 3570 975 3619 ep.
988 3552 1124 3620 Adelung.
1138 3555 1167 3604 in
1185 3554 1288 3604 contin.
1301 3553 1414 3605 Jliclrer.
1427 3554 1450 3604 1.
1463 3571 1489 3619 p.
1503 3553 1562 3606 335.
1577 3559 1606 3604 ct
1622 3553 1733 3619 plenius

883 3642 912 3690 iu
924 3640 1084 3690 lenocinnis
1096 3640 1118 3690 Ι.
1133 3657 1160 3704 p.
1172 3638 1201 3689 6.
1210 3675 1216 3688 .
1224 3675 1231 3688 .
1240 3636 1281 3687 le.
1425 3629 1434 3644 ⁶

452 3961 562 3995 mecvm
1032 3930 1138 4007 XVI.
1424 3962 1450 3995 n.
1463 3954 1498 3995 to.
1512 3960 1596 3996 usur.
1610 3961 1636 3997 n.
1652 3956 1711 3997 tstt.

433 4013 595 4027 ———-
1409 4017 1728 4027 ——u-—n—-u—

805 4111 808 4116 ‘
845 4102 993 4159 EOBdNVS
1015 4104 1141 4161 HESSVS
1163 4103 1315 4160 lelldNO.
1736 4107 1763 4148 ³⁰

1131 4216 1135 4222 ’
1183 4240 1219 4296 m
1234 4240 1315 4315 typsi
1333 4250 1373 4304 13.
1389 4241 1447 4298 vav.
1464 4242 1548 4316 epu.
1567 4249 1641 4301 1514.

505 4323 558 4378 llici
580 4340 636 4378 non
657 4329 751 4395 potest
766 4330 898 4395 quantum
919 4342 962 4380 me
976 4323 1152 4389 delectaverit
1174 4326 1248 4399 quod
1273 4335 1318 4383 tun
1345 4335 1373 4383 et
1395 4326 1560 4401 dperbacebi
1586 4327 1727 4398 diligentia

436 4408 546 4465 llutteni
568 4408 656 4465 nostri
679 4424 788 4464 carmen
809 4409 842 4465 ad
861 4409 889 4463 b.
911 4410 1117 4467 blaximiliauum
1139 4410 1270 4468 Cesarem
1293 4413 1444 4469 emerserit.
1489 4421 1606 4485 utroque
1628 4410 1728 4485 pollice

532 4594 605 4645 XVI.
631 4593 730 4645 Mecum
740 4596 925 4644 eonrrmmteoor't
937 4594 1084 4646 Strmvssr'us
1095 4613 1131 4646 erc
1142 4598 1199 4647 eorl.
1213 4596 1375 4661 sangallensi
1385 4593 1461 4658 (tom.
1475 4596 1496 4645 1.
1510 4595 1547 4644 n⁰.
1562 4594 1625 4658 32).

498 4747 510 4781 ²
521 4746 679 4814 Amoldum]
693 4748 728 4799 de
740 4750 887 4814 Tangeris.
940 4748 951 4781 ⁷
962 4747 1050 4815 Torii]
1064 4751 1107 4803 sic
1119 4752 1154 4801 Α.
1168 4751 1211 4801 An
1223 4750 1329 4806 Thurii,
1341 4756 1369 4799 ot
1380 4750 1525 4814 referamur
1537 4750 1573 4798 ud
1584 4749 1668 4799 Arr'rt.
1678 4767 1726 4814 po·

430 4837 467 4882 m.
475 4850 499 4884 v.
507 4833 551 4885 s?
563 4852 596 4884 arr
609 4833 730 4899 deriput,
744 4825 907 4900 ὁρμητικοί,
921 4835 967 4899 qni
981 4850 1043 4885 curn
1056 4835 1162 4885 assultu
1176 4836 1330 4900 impetunt?
1342 4837 1436 4885 Possis
1449 4835 1628 4884 occaecetorii
1640 4835 1730 4900 (punct

394 4927 399 4944 ⁸
432 4918 601 4983 ‘Blendner’).
616 4922 731 4983 sortasse
748 4925 804 4985 puts
819 4921 851 4969 de
865 4921 1014 4971 (derisorium
1025 4922 1137 4971 'l'boren
1153 4924 1315 4985 cogitaverit,
1333 4928 1360 4969 ut
1377 4925 1402 4970 br
1420 4923 1535 4984 epistolis
1551 4919 1620 4970 obse.
1633 4924 1680 4969 vir.
1694 4923 1726 4969 de

431 5002 515 5067 gilvis
532 5005 668 5067 crinibus,
686 5005 781 5056 blavio
793 5004 864 5054 eoelo
876 5012 901 5054 et
913 5006 1033 5056 sirnilrltus
1044 5008 1162 5071 tegimen
1178 5007 1226 5055 sed
1235 5021 1327 5056 vereor
1339 5013 1366 5055 ut
1380 5007 1471 5056 Crotree
1483 5008 1520 5055 ita
1531 5006 1557 5052 in
1569 5008 1680 5069 epistola
1692 5008 1729 5055 ud

430 5087 590 5140 Beucdlinum
602 5092 777 5148 dteeiruutarr't,
796 5097 821 5138 et
839 5092 940 5154 legerim
953 5089 1098 5156 Theologi.
1151 5089 1173 5122 ¹⁴
1187 5090 1388 5141 contemnesA.
