4067 6209
344 776 418 848 422
439 792 587 842 CXCVIII.
602 806 716 841 rreuron.
728 806 765 841 ar>
779 804 940 840 ariadnae.
962 788 1083 840 CXCIX.
1094 804 1221 841 norrun
1231 802 1369 839 sunnon.
1378 804 1427 839 nr.
1439 804 1466 838 u.
1475 795 1515 837 att.
1527 801 1589 836 ece.
1602 794 1658 837 nen

345 987 398 1043 qua
416 967 561 1023 traducunt
582 966 740 1039 episcopum
763 963 919 1037 spirensem
937 973 965 1019 et
983 963 1114 1037 quosdam
1137 963 1206 1020 alios
1228 971 1377 1037 magnates.
1418 964 1446 1018 lrl
1467 963 1501 1019 fit
1521 971 1657 1038 praesente

346 1054 489 1128 episcopo:
523 1068 584 1105 narn
613 1048 746 1123 inmugit
774 1044 900 1105 Coloniae.
945 1064 1036 1105 nonne
1058 1048 1230 1123 apertissima
1253 1046 1441 1106 eorrturnelia‘!
1477 1048 1516 1104 lle
1538 1048 1655 1105 Lntlrere

346 1134 447 1194 bullam
468 1136 543 1191 misit
564 1153 648 1208 papa,
675 1151 736 1189 rere
759 1132 874 1195 bullam,
903 1141 934 1188 nt
959 1134 1047 1189 ambo.
1092 1133 1204 1207 angelos
1227 1133 1302 1196 cmli,
1331 1134 1356 1189 b.
1374 1133 1508 1194 Petrum,
1534 1132 1654 1195 Paulum,

346 1239 452 1279 omnem
472 1229 623 1275 creaturam
644 1236 758 1292 prorsus
776 1219 875 1274 excitat
895 1218 922 1273 in
945 1218 1093 1273 Lntliernm
1115 1226 1142 1274 ct
1162 1219 1346 1283 adhaerentes:
1367 1218 1565 1280 trucidentur,
1584 1236 1655 1274 eorn-

348 1306 497 1365 burantur’,
521 1314 549 1360 et
569 1303 731 1359 lnrinsmodi.
767 1304 864 1377 quodsi
889 1302 949 1358 talis
969 1312 1012 1359 est
1034 1302 1122 1363 bulla,
1146 1293 1253 1377 qualem
1276 1303 1322 1359 ille
1340 1302 1421 1359 nobis
1443 1303 1586 1377 depinxit,
1610 1321 1672 1378 pai-s

333 1409 406 1447 ¹rnm
426 1389 506 1445 babet
528 1387 671 1463 apostolici
696 1388 828 1462 pectoris,
852 1387 919 1442 nilril
938 1388 1059 1443 lenitatis
1081 1388 1248 1444 Christiana.
1291 1388 1311 1444 0
1334 1387 1448 1444 liberam
1474 1387 1654 1450 Germaniam,

347 1474 393 1532 ubi
422 1481 515 1530 nostra
544 1472 671 1528 libertas?
707 1490 756 1528 nec
776 1472 870 1545 lingna
892 1472 977 1528 libera
998 1481 1049 1528 est.
1093 1473 1194 1528 Latitat
1216 1472 1365 1533 lluttenus,
1392 1471 1435 1529 cui
1463 1490 1479 1528 a
1503 1473 1655 1529 Remanen-

348 1560 423 1616 sibus
441 1568 565 1633 paratam
591 1556 642 1613 tun
664 1575 812 1620 rencnnm;
844 1556 999 1618 subornati,
1023 1558 1069 1631 qui
1090 1567 1226 1633 caperent
1245 1558 1362 1614 vinctum
1383 1557 1497 1614 Romam
1523 1557 1655 1614 ducentes

348 1653 395 1702 ant
416 1644 591 1699 trucidarent.
630 1659 679 1698 nec
699 1649 787 1697 tamen
809 1641 855 1697 niu
877 1639 988 1703 latebit,
1009 1642 1074 1716 quin
1095 1642 1218 1698 monaclii
1235 1641 1368 1705 sentient,
1393 1641 1495 1716 quibus
1513 1643 1575 1700 lraec
1593 1661 1654 1718 pro·

347 1728 434 1784 vitreio
457 1728 509 1784 tuit
529 1727 687 1783 commissa:
717 1736 781 1782 sunt
802 1726 873 1781 eninr
892 1726 970 1782 lnriae
989 1726 1138 1808 pontilicis.
1178 1727 1308 1802 Princeps
1325 1727 1449 1784 Saxoniae
1470 1745 1571 1801 magna
1591 1727 1686 1784 libe-to

348 1814 456 1870 ralitate
478 1812 566 1868 utitur
588 1813 615 1867 in
633 1812 743 1872 doctos:
773 1811 848 1866 aiunt
875 1812 1010 1888 neminem
1040 1811 1087 1867 illo
1116 1812 1293 1886 integriorem
1322 1821 1350 1869 et
1378 1812 1467 1885 magis
1492 1812 1653 1887 principem.

347 1899 484 1955 Lutlrerns
505 1907 629 1971 erumpet
646 1898 679 1952 de
701 1897 772 1952 vitiis
795 1895 985 1970 personalibus
1005 1896 1082 1952 etad
1103 1897 1207 1952 lntnras
1233 1897 1366 1953 nundinas
1385 1896 1549 1953 habebimus
1573 1897 1656 1954 multa

349 1983 479 2039 tonitrua.
518 1982 557 2038 Tu
580 1981 646 2037 niliil
669 1999 758 2043 cessa,
782 1981 876 2036 adesto
895 1980 975 2037 bonis
994 1982 1073 2043 viris,
1094 1982 1187 2037 adesto
1206 1982 1300 2057 pietati
1315 1982 1478 2038 Christianae
1494 1983 1568 2056 apud
1587 1992 1655 2046 tuos,

350 2066 395 2123 nbi
420 2066 569 2141 plurimum
587 2075 675 2141 potes.
720 2065 842 2122 Menaeni
861 2065 928 2121 nibil
952 2083 1007 2121 non
1032 2074 1145 2122 tentant.
1190 2065 1268 2123 selim
1287 2068 1411 2123 Christus
1432 2067 1545 2123 tandem
1568 2068 1657 2142 adspi-

349 2161 425 2210 ceret
443 2170 487 2207 res
508 2151 636 2213 afflictas,
660 2151 732 2226 qnod
755 2151 953 2225 impetrandum
976 2150 1077 2207 sedulis
1100 2150 1226 2225 precibus
1245 2161 1271 2208 et
1291 2151 1455 2225 gemitibus,
1480 2160 1511 2206 nt
1532 2151 1596 2211 ille,
1618 2154 1656 2207 in·
1666 2166 1687 2205 ts

350 2236 556 2293 enarrabilibns.
592 2236 654 2292 Vale
678 2237 704 2291 in
727 2235 845 2292 domino.
873 2237 938 2291 Cum
957 2236 1064 2293 rediero
1081 2236 1224 2298 Basilearn,
1242 2237 1396 2311 copiosius:
1419 2253 1483 2292 nam
1502 2254 1561 2293 non
1579 2238 1658 2294 datur

349 2319 391 2377 nel
414 2322 545 2395 relegere.
579 2320 734 2395 llognntiae.
772 2330 812 2382 15.
830 2322 887 2377 ttct.
908 2327 982 2380 1⁵20.
1387 2307 1418 2377 ‘0
1438 2309 1500 2390 σός.

377 2654 604 2717 arcessieram
833 2618 1181 2695 CLXXXXVIIII.
1450 2648 1486 2689 aa.
1501 2655 1566 2689 ουτ.
1583 2649 1643 2688 nn.

559 2773 757 2834 ututnnvs
780 2774 981 2836 nuntiante
1004 2774 1247 2836 antonnacum
1270 2773 1453 2835 SALVTEM.

444 2891 565 2952 Dubitas
587 2894 623 2952 ad
646 2911 693 2953 me
715 2892 902 2953 scribendum
926 2912 963 2953 an
985 2895 1036 2963 sit,
1060 2895 1143 2973 epitasi
1166 2912 1234 2954 vero
1257 2894 1293 2953 ad
1316 2912 1484 2972 quenquam
1500 2894 1595 2956 alium
1611 2904 1693 2956 aritae

359 2994 441 3070 prins
463 2994 514 3062 sit,
538 3001 587 3054 ant
609 2996 716 3072 saepias
738 2996 782 3054 sit.
829 2994 1002 3073 anrnpram
1025 2997 1050 3055 si
1071 2996 1127 3056 linc
1149 2998 1332 3073 propositum
1360 2995 1413 3054 tibi
1442 3005 1502 3067 cst,
1534 3005 1569 3057 nt
1598 2999 1661 3076 qni-

359 3094 483 3155 bnstlam
513 3115 559 3155 me
589 3116 695 3156 errores
723 3098 886 3157 immodicis
915 3095 1065 3166 laudibus,
1101 3097 1185 3157 larile
1213 3098 1309 3174 patior
1337 3105 1481 3176 perpetuo
1507 3098 1599 3159 silere
1622 3107 1660 3161 tc.

360 3197 439 3257 Scito
468 3198 545 3257 enim
574 3198 644 3257 nilril
673 3202 701 3258 in
731 3200 831 3259 aurinis
860 3200 1084 3275 granius.lerre
1112 3198 1282 3259 llnttcnnm.
1327 3198 1428 3276 ltaque
1451 3207 1480 3258 et
1502 3202 1528 3259 si
1559 3219 1662 3261 carere

359 3305 409 3358 tna
432 3300 555 3360 arrricitia
579 3319 638 3359 non
662 3318 796 3377 possum,
826 3302 904 3360 lerre
927 3302 1010 3360 istam
1034 3309 1131 3360 tamen
1155 3303 1181 3360 in
1206 3308 1234 3359 te
1256 3318 1395 3378 pompam
1418 3319 1549 3379 nequeo,
1582 3303 1660 3381 qrrod

361 3407 391 3459 ut
416 3402 562 3478 ingratum
585 3401 637 3461 abs
661 3410 688 3460 te
712 3403 781 3462 milti
804 3402 922 3469 accidit,
947 3403 985 3461 ita
1008 3402 1168 3462 iucundum
1193 3403 1245 3461 luit
1267 3402 1346 3479 qrrod
1362 3389 1428 3461 ἀπὸ
1443 3397 1501 3482 τῆς
1517 3401 1690 3482 unpde'ncn

360 3504 621 3562 sacrarnentarinm
645 3511 673 3561 te
696 3503 766 3563 mibi
790 3504 893 3573 otlers,
923 3522 1010 3582 quun
1034 3504 1143 3564 idcirco
1166 3510 1195 3562 et
1217 3505 1327 3582 accipio
1350 3501 1491 3572 libenter,
1522 3511 1553 3563 et
1580 3524 1661 3564 eoni-

360 3603 473 3681 plectar
494 3606 686 3668 tenacissime.
732 3605 817 3674 Quod
839 3606 944 3664 scribis
967 3606 1085 3665 cottidie
1112 3606 1142 3664 in
1171 3604 1305 3665 manibus
1333 3604 1443 3665 habere
1466 3613 1495 3664 te
1519 3607 1661 3684 opuscula

361 3724 441 3774 mea,
466 3708 564 3765 nescio
587 3725 623 3765 an
646 3706 806 3766 rerernlrnn
829 3706 887 3766 line
909 3708 959 3773 sit,
983 3714 1014 3765 nt
1038 3706 1158 3766 meliora
1180 3705 1364 3785 posthabeas
1402 3705 1522 3767 Nullum
1544 3726 1600 3785 pro
1615 3727 1661 3767 me

361 3807 519 3868 discrimen
542 3827 670 3867 recusas.
716 3808 752 3867 tt
779 3800 875 3885 ipsunt
906 3807 976 3868 illud
1007 3809 1131 3868 tortasse
1161 3825 1235 3886 opus
1265 3827 1323 3868 nnn
1352 3815 1410 3876 cst,
1441 3809 1601 3870 discrimen
1630 3817 1659 3870 nt

361 3909 464 3978 adeas,
489 3929 656 3989 orrantpmrn
678 3910 702 3969 si
716 3885 828 3980 luerit,
851 3909 997 3987 sperabile
1020 3917 1064 3969 est
1086 3912 1115 3970 in
1137 3918 1166 3969 te
1189 3911 1373 3988 profugium,
1396 3910 1453 3969 lieo
1477 3917 1545 3987 peto
1568 3920 1602 3971 ut
1624 3931 1690 3972 neo

362 4029 462 4071 ornare
490 4012 619 4079 desinas,
653 4018 682 4071 et
710 4013 869 4088 saepissime
898 4012 1079 4072 familiariter
1112 4030 1166 4089 per
1199 4011 1297 4072 literas
1325 4018 1357 4071 ut
1386 4010 1573 4089 colloquaris.
1620 4013 1660 4073 ne.

362 4111 452 4171 Belin
475 4120 555 4172 reete
579 4114 649 4172 laris
671 4114 749 4192 «prod
779 4115 910 4191 ineptnnr
934 4112 1114 4173 lialatronem
1138 4114 1232 4173 odisti.
1277 4113 1407 4173 Meretur
1428 4112 1485 4171 lroc
1507 4114 1603 4183 enim,
1634 4120 1661 4173 et

361 4220 394 4272 nt
416 4214 665 4291 contemptissimo
687 4214 818 4286 rideatur
841 4233 856 4273 a
879 4214 965 4274 bonis
988 4215 1134 4276 omnibns,
1180 4215 1297 4293 Optime
1318 4213 1381 4275 vale
1410 4232 1444 4274 ex
1469 4213 1661 4295 Stecbclberg

362 4314 398 4395 vij
422 4308 520 4375 Calon.
545 4310 698 4374 Nortebris

514 4417 572 4478 Per
594 4435 812 4477 amarmensem.
1669 4441 1692 4481 ³³

309 4560 312 4565 ’
363 4570 604 4620 ctixxxxt‘llu.
640 4570 778 4620 A=MS.
798 4570 1104 4622 nilmcnxrrrnadnnt.
1149 4569 1383 4620 02=Rtttntet1
1400 4568 1471 4633 (lnd.
1485 4569 1554 4620 bibl.
1568 4586 1595 4619 n.
1609 4568 1662 4634 85.)

823 4653 830 4662 '
881 4674 906 4721 p.
920 4655 979 4705 030.
994 4672 1034 4720 sq.
1055 4671 1080 4704 n.
1096 4672 1134 4704 xr.

432 4789 452 4821 ¹²
471 4791 504 4840 de
517 4792 596 4841 ritiis
609 4791 747 4859 person.]?
766 4795 857 4843 Locus
871 4799 1028 4857 corruptus:
1045 4793 1110 4856 sort.
1124 4796 1140 4841 Ι.
1160 4792 1193 4842 de
1213 4776 1343 4842 convitiis
1362 4790 1510 4856 papalibus
1565 4788 1587 4822 ¹⁵
1606 4787 1663 4856 ille]

362 4874 441 4924 Pnnl.
456 4892 499 4941 ep.
514 4877 549 4926 nd
562 4878 638 4926 llom.
653 4879 729 4928 VIII.
737 4877 779 4927 ⁸26.
1563 4877 1568 4886 ¹

430 4958 666 5026 ²⁰qnemqnam2.
702 4962 792 5013 ²⁸etsi
805 4966 830 5012 2.
867 4951 1353 5026 ²⁵u’nbnn.]ea·eor·de‚e.enoimo.
1389 4958 1442 4991 Μ
1455 4958 1628 5025 complector
1640 4965 1665 5014 2.

363 5041 386 5073 ⁸⁰
404 5049 607 5109 qrrnrnquomt.
658 5056 718 5114 post
737 5049 822 5099 fuerit
839 5049 954 5106 addidi,
1010 5044 1033 5076 ³²
1051 5044 1244 5096 batatoreme.
1298 5045 1321 5077 ³³
1339 5044 1580 5110 Steekelbergbt.

800 5159 1199 5180 *-
