<?xml version="1.0" encoding="UTF-8"?>
<!DOCTYPE html PUBLIC "-//W3C//DTD XHTML 1.0 Transitional//EN"
    "http://www.w3.org/TR/xhtml1/DTD/xhtml1-transitional.dtd">
<html xmlns="http://www.w3.org/1999/xhtml" xml:lang="en" lang="en">
 <head>
  <title>
</title>
<meta http-equiv="Content-Type" content="text/html;charset=utf-8" />
  <meta name='ocr-system' content='tesseract 3.04.00' />
  <meta name='ocr-capabilities' content='ocr_page ocr_carea ocr_par ocr_line ocrx_word'/>
</head>
<body>
  <div class='ocr_page' id='page_1' title='image "./ulrichihuttenie03huttgoog_0463.png"; bbox 0 0 4067 6209; ppageno 0'>
   <div class='ocr_carea' id='block_1_1' title="bbox 420 788 1581 862">
    <p class='ocr_par' dir='ltr' id='par_1_1' title="bbox 420 788 1581 862">
     <span class='ocr_line' id='line_1_1' title="bbox 420 788 1581 862; baseline 0.008 -19"><span class='ocrx_word' id='word_1_1' title='bbox 420 789 500 843; x_wconf 85' lang='lat' dir='ltr'>CLV.</span> <span class='ocrx_word' id='word_1_2' title='bbox 520 804 603 841; x_wconf 79' lang='lat' dir='ltr'>nvrr.</span> <span class='ocrx_word' id='word_1_3' title='bbox 617 804 654 841; x_wconf 81' lang='lat' dir='ltr'>u&gt;</span> <span class='ocrx_word' id='word_1_4' title='bbox 667 805 780 842; x_wconf 76' lang='lat' dir='ltr'>renuis.</span> <span class='ocrx_word' id='word_1_5' title='bbox 794 806 922 844; x_wconf 70' lang='lat' dir='ltr'>eversus</span> <span class='ocrx_word' id='word_1_6' title='bbox 936 806 1024 845; x_wconf 70' lang='lat' dir='ltr'>enee.</span> <span class='ocrx_word' id='word_1_7' title='bbox 1037 808 1072 845; x_wconf 80' lang='lat' dir='ltr'>nr</span> <span class='ocrx_word' id='word_1_8' title='bbox 1086 809 1131 845; x_wconf 84' lang='lat' dir='ltr'>vn.</span> <span class='ocrx_word' id='word_1_9' title='bbox 1144 810 1223 847; x_wconf 75' lang='lat' dir='ltr'>ecca.</span> <span class='ocrx_word' id='word_1_10' title='bbox 1238 811 1372 851; x_wconf 74' lang='lat' dir='ltr'>conseer.</span> <span class='ocrx_word' id='word_1_11' title='bbox 1394 807 1453 853; x_wconf 71' lang='lat' dir='ltr'>tero.</span> <span class='ocrx_word' id='word_1_12' title='bbox 1508 788 1581 862; x_wconf 85' lang='grc'>329</span> 
     </span>
    </p>
   </div>
   <div class='ocr_carea' id='block_1_2' title="bbox 245 961 1658 4693">
    <p class='ocr_par' dir='ltr' id='par_1_2' title="bbox 245 961 1658 4693">
     <span class='ocr_line' id='line_1_2' title="bbox 293 961 1583 1049; baseline 0.013 -30"><span class='ocrx_word' id='word_1_13' title='bbox 293 961 423 1020; x_wconf 78' lang='lat' dir='ltr'>futurum</span> <span class='ocrx_word' id='word_1_14' title='bbox 442 968 509 1040; x_wconf 92' lang='lat' dir='ltr'>post</span> <span class='ocrx_word' id='word_1_15' title='bbox 529 981 560 1023; x_wconf 90' lang='lat' dir='ltr'>se</span> <span class='ocrx_word' id='word_1_16' title='bbox 579 961 685 1023; x_wconf 79' lang='lat' dir='ltr'>Christi</span> <span class='ocrx_word' id='word_1_17' title='bbox 709 962 848 1022; x_wconf 87' lang='lat' dir='ltr'>vicarium</span> <span class='ocrx_word' id='word_1_18' title='bbox 871 963 921 1041; x_wconf 89' lang='lat' dir='ltr'>qui</span> <span class='ocrx_word' id='word_1_19' title='bbox 942 980 1001 1022; x_wconf 93' lang='lat' dir='ltr'>non</span> <span class='ocrx_word' id='word_1_20' title='bbox 1027 980 1152 1040; x_wconf 89' lang='lat' dir='ltr'>regnum</span> <span class='ocrx_word' id='word_1_21' title='bbox 1174 971 1288 1028; x_wconf 84' lang='lat' dir='ltr'>tantum</span> <span class='ocrx_word' id='word_1_22' title='bbox 1306 986 1451 1049; x_wconf 90' lang='lat' dir='ltr'>usurpare</span> <span class='ocrx_word' id='word_1_23' title='bbox 1474 974 1503 1034; x_wconf 91' lang='lat' dir='ltr'>iu</span> <span class='ocrx_word' id='word_1_24' title='bbox 1521 976 1583 1037; x_wconf 89' lang='lat' dir='ltr'>aui·</span> 
     </span>
     <span class='ocr_line' id='line_1_3' title="bbox 291 1063 1581 1147; baseline 0.012 -25"><span class='ocrx_word' id='word_1_25' title='bbox 291 1082 373 1123; x_wconf 89' lang='lat' dir='ltr'>mum</span> <span class='ocrx_word' id='word_1_26' title='bbox 396 1065 565 1125; x_wconf 74' lang='lat' dir='ltr'>inducturus</span> <span class='ocrx_word' id='word_1_27' title='bbox 587 1066 637 1133; x_wconf 90' lang='lat' dir='ltr'>sit,</span> <span class='ocrx_word' id='word_1_28' title='bbox 662 1081 764 1124; x_wconf 90' lang='lat' dir='ltr'>verum</span> <span class='ocrx_word' id='word_1_29' title='bbox 785 1063 905 1139; x_wconf 88' lang='lat' dir='ltr'>regibus</span> <span class='ocrx_word' id='word_1_30' title='bbox 925 1066 1011 1125; x_wconf 90' lang='lat' dir='ltr'>etiam</span> <span class='ocrx_word' id='word_1_31' title='bbox 1037 1066 1206 1127; x_wconf 82' lang='lat' dir='ltr'>Christianis</span> <span class='ocrx_word' id='word_1_32' title='bbox 1228 1071 1277 1146; x_wconf 91' lang='lat' dir='ltr'>qui</span> <span class='ocrx_word' id='word_1_33' title='bbox 1299 1088 1353 1147; x_wconf 87' lang='lat' dir='ltr'>per</span> <span class='ocrx_word' id='word_1_34' title='bbox 1376 1075 1581 1139; x_wconf 89' lang='lat' dir='ltr'>contumeliam</span> 
     </span>
     <span class='ocr_line' id='line_1_4' title="bbox 290 1165 1648 1248; baseline 0.012 -25"><span class='ocrx_word' id='word_1_35' title='bbox 290 1165 463 1226; x_wconf 89' lang='lat' dir='ltr'>osculandos</span> <span class='ocrx_word' id='word_1_36' title='bbox 496 1168 586 1244; x_wconf 88' lang='lat' dir='ltr'>pedes</span> <span class='ocrx_word' id='word_1_37' title='bbox 617 1166 746 1225; x_wconf 85' lang='lat' dir='ltr'>obiicere</span> <span class='ocrx_word' id='word_1_38' title='bbox 772 1166 861 1225; x_wconf 75' lang='lat' dir='ltr'>ausiti</span> <span class='ocrx_word' id='word_1_39' title='bbox 896 1166 971 1238; x_wconf 85' lang='lat' dir='ltr'>Quid</span> <span class='ocrx_word' id='word_1_40' title='bbox 1004 1174 1105 1243; x_wconf 90' lang='lat' dir='ltr'>posset</span> <span class='ocrx_word' id='word_1_41' title='bbox 1137 1170 1260 1229; x_wconf 89' lang='lat' dir='ltr'>inveniri</span> <span class='ocrx_word' id='word_1_42' title='bbox 1293 1170 1460 1235; x_wconf 86' lang='lat' dir='ltr'>dissimilius</span> <span class='ocrx_word' id='word_1_43' title='bbox 1492 1179 1578 1248; x_wconf 91' lang='lat' dir='ltr'>enim,</span> <span class='ocrx_word' id='word_1_44' title='bbox 1591 1182 1648 1232; x_wconf 53' lang='grc' dir='ltr'>Μ’).</span> 
     </span>
     <span class='ocr_line' id='line_1_5' title="bbox 290 1266 1581 1356; baseline 0.01 -30"><span class='ocrx_word' id='word_1_45' title='bbox 290 1284 378 1344; x_wconf 84' lang='lat' dir='ltr'>quarn</span> <span class='ocrx_word' id='word_1_46' title='bbox 401 1268 479 1328; x_wconf 91' lang='lat' dir='ltr'>illum</span> <span class='ocrx_word' id='word_1_47' title='bbox 498 1268 595 1327; x_wconf 86' lang='lat' dir='ltr'>lavare</span> <span class='ocrx_word' id='word_1_48' title='bbox 617 1285 738 1327; x_wconf 91' lang='lat' dir='ltr'>suorum</span> <span class='ocrx_word' id='word_1_49' title='bbox 760 1266 851 1343; x_wconf 89' lang='lat' dir='ltr'>pedes</span> <span class='ocrx_word' id='word_1_50' title='bbox 870 1286 885 1326; x_wconf 91' lang='lat' dir='ltr'>a</span> <span class='ocrx_word' id='word_1_51' title='bbox 904 1267 1020 1327; x_wconf 86' lang='lat' dir='ltr'>Christo</span> <span class='ocrx_word' id='word_1_52' title='bbox 1043 1270 1168 1337; x_wconf 88' lang='lat' dir='ltr'>iussum,</span> <span class='ocrx_word' id='word_1_53' title='bbox 1191 1270 1246 1330; x_wconf 91' lang='lat' dir='ltr'>bos</span> <span class='ocrx_word' id='word_1_54' title='bbox 1265 1272 1301 1332; x_wconf 93' lang='lat' dir='ltr'>ad</span> <span class='ocrx_word' id='word_1_55' title='bbox 1323 1276 1511 1351; x_wconf 92' lang='lat' dir='ltr'>propriorum</span> <span class='ocrx_word' id='word_1_56' title='bbox 1530 1297 1581 1356; x_wconf 90' lang='lat' dir='ltr'>pe-</span> 
     </span>
     <span class='ocr_line' id='line_1_6' title="bbox 268 1360 1582 1454; baseline 0.01 -27"><span class='ocrx_word' id='word_1_57' title='bbox 268 1368 361 1427; x_wconf 80' lang='lat' dir='ltr'>⁶dum</span> <span class='ocrx_word' id='word_1_58' title='bbox 390 1369 500 1438; x_wconf 86' lang='lat' dir='ltr'>oscula,</span> <span class='ocrx_word' id='word_1_59' title='bbox 530 1370 555 1428; x_wconf 88' lang='lat' dir='ltr'>si</span> <span class='ocrx_word' id='word_1_60' title='bbox 582 1360 636 1429; x_wconf 77' lang='lat' dir='ltr'>eliis</span> <span class='ocrx_word' id='word_1_61' title='bbox 662 1367 772 1445; x_wconf 88' lang='lat' dir='ltr'>placet,</span> <span class='ocrx_word' id='word_1_62' title='bbox 803 1368 981 1428; x_wconf 80' lang='lat' dir='ltr'>Christianos</span> <span class='ocrx_word' id='word_1_63' title='bbox 1009 1386 1117 1445; x_wconf 83' lang='lat' dir='ltr'>cogere</span> <span class='ocrx_word' id='word_1_64' title='bbox 1142 1370 1307 1450; x_wconf 78' lang='lat' dir='ltr'>principes?</span> <span class='ocrx_word' id='word_1_65' title='bbox 1341 1373 1582 1454; x_wconf 84' lang='lat' dir='ltr'>Opraeposteros</span> 
     </span>
     <span class='ocr_line' id='line_1_7' title="bbox 289 1469 1581 1548; baseline 0.009 -19"><span class='ocrx_word' id='word_1_66' title='bbox 289 1471 377 1546; x_wconf 88' lang='lat' dir='ltr'>igitur</span> <span class='ocrx_word' id='word_1_67' title='bbox 398 1471 548 1547; x_wconf 85' lang='lat' dir='ltr'>pontifices</span> <span class='ocrx_word' id='word_1_68' title='bbox 567 1478 596 1530; x_wconf 89' lang='lat' dir='ltr'>et</span> <span class='ocrx_word' id='word_1_69' title='bbox 618 1469 724 1548; x_wconf 81' lang='lat' dir='ltr'>quibus</span> <span class='ocrx_word' id='word_1_70' title='bbox 742 1469 813 1529; x_wconf 91' lang='lat' dir='ltr'>nihil</span> <span class='ocrx_word' id='word_1_71' title='bbox 836 1487 902 1529; x_wconf 88' lang='lat' dir='ltr'>cunr</span> <span class='ocrx_word' id='word_1_72' title='bbox 918 1470 1022 1537; x_wconf 87' lang='lat' dir='ltr'>Petro,</span> <span class='ocrx_word' id='word_1_73' title='bbox 1046 1469 1116 1529; x_wconf 91' lang='lat' dir='ltr'>nibil</span> <span class='ocrx_word' id='word_1_74' title='bbox 1133 1490 1199 1532; x_wconf 91' lang='lat' dir='ltr'>cum</span> <span class='ocrx_word' id='word_1_75' title='bbox 1216 1474 1331 1534; x_wconf 82' lang='lat' dir='ltr'>Christo</span> <span class='ocrx_word' id='word_1_76' title='bbox 1352 1484 1396 1536; x_wconf 91' lang='lat' dir='ltr'>est</span> <span class='ocrx_word' id='word_1_77' title='bbox 1410 1482 1581 1542; x_wconf 86' lang='lat' dir='ltr'>commune!</span> 
     </span>
     <span class='ocr_line' id='line_1_8' title="bbox 289 1570 1581 1649; baseline 0.009 -19"><span class='ocrx_word' id='word_1_78' title='bbox 289 1571 347 1631; x_wconf 88' lang='lat' dir='ltr'>Sed</span> <span class='ocrx_word' id='word_1_79' title='bbox 370 1571 399 1630; x_wconf 91' lang='lat' dir='ltr'>hi</span> <span class='ocrx_word' id='word_1_80' title='bbox 422 1579 529 1649; x_wconf 90' lang='lat' dir='ltr'>quanto</span> <span class='ocrx_word' id='word_1_81' title='bbox 551 1570 778 1631; x_wconf 79' lang='lat' dir='ltr'>venerabiliores</span> <span class='ocrx_word' id='word_1_82' title='bbox 800 1578 899 1631; x_wconf 88' lang='lat' dir='ltr'>esseut</span> <span class='ocrx_word' id='word_1_83' title='bbox 920 1571 996 1647; x_wconf 91' lang='lat' dir='ltr'>apud</span> <span class='ocrx_word' id='word_1_84' title='bbox 1013 1570 1192 1632; x_wconf 86' lang='lat' dir='ltr'>Christianos</span> <span class='ocrx_word' id='word_1_85' title='bbox 1215 1593 1330 1644; x_wconf 78' lang='lat' dir='ltr'>omneS,</span> <span class='ocrx_word' id='word_1_86' title='bbox 1354 1579 1377 1637; x_wconf 91' lang='lat' dir='ltr'>si</span> <span class='ocrx_word' id='word_1_87' title='bbox 1393 1597 1444 1639; x_wconf 89' lang='lat' dir='ltr'>eos</span> <span class='ocrx_word' id='word_1_88' title='bbox 1458 1580 1581 1642; x_wconf 83' lang='lat' dir='ltr'>lionram</span> 
     </span>
     <span class='ocr_line' id='line_1_9' title="bbox 288 1671 1581 1759; baseline 0.011 -30"><span class='ocrx_word' id='word_1_89' title='bbox 288 1674 407 1732; x_wconf 83' lang='lat' dir='ltr'>veniens</span> <span class='ocrx_word' id='word_1_90' title='bbox 436 1675 499 1751; x_wconf 84' lang='lat' dir='ltr'>quis</span> <span class='ocrx_word' id='word_1_91' title='bbox 519 1674 556 1759; x_wconf 91' lang='lat' dir='ltr'>in</span> <span class='ocrx_word' id='word_1_92' title='bbox 583 1673 692 1750; x_wconf 89' lang='lat' dir='ltr'>templo</span> <span class='ocrx_word' id='word_1_93' title='bbox 721 1672 778 1732; x_wconf 89' lang='lat' dir='ltr'>divi</span> <span class='ocrx_word' id='word_1_94' title='bbox 808 1672 886 1732; x_wconf 84' lang='lat' dir='ltr'>l&#39;etri</span> <span class='ocrx_word' id='word_1_95' title='bbox 914 1671 1111 1749; x_wconf 78' lang='lat' dir='ltr'>supplicantes</span> <span class='ocrx_word' id='word_1_96' title='bbox 1139 1675 1295 1744; x_wconf 87' lang='lat' dir='ltr'>inveniret,</span> <span class='ocrx_word' id='word_1_97' title='bbox 1324 1695 1411 1755; x_wconf 86' lang='lat' dir='ltr'>quam</span> <span class='ocrx_word' id='word_1_98' title='bbox 1440 1683 1518 1759; x_wconf 88' lang='lat' dir='ltr'>quod</span> <span class='ocrx_word' id='word_1_99' title='bbox 1546 1702 1581 1743; x_wconf 88' lang='lat' dir='ltr'>ex</span> 
     </span>
     <span class='ocr_line' id='line_1_10' title="bbox 288 1772 1582 1850; baseline 0.009 -19"><span class='ocrx_word' id='word_1_100' title='bbox 288 1772 365 1832; x_wconf 81' lang='lat' dir='ltr'>ruole</span> <span class='ocrx_word' id='word_1_101' title='bbox 391 1773 530 1834; x_wconf 90' lang='lat' dir='ltr'>Hadriani</span> <span class='ocrx_word' id='word_1_102' title='bbox 556 1773 726 1833; x_wconf 88' lang='lat' dir='ltr'>bombardis</span> <span class='ocrx_word' id='word_1_103' title='bbox 753 1774 924 1832; x_wconf 88' lang='lat' dir='ltr'>detonantes</span> <span class='ocrx_word' id='word_1_104' title='bbox 949 1773 1177 1850; x_wconf 85' lang='lat' dir='ltr'>perhorremus!</span> <span class='ocrx_word' id='word_1_105' title='bbox 1212 1776 1264 1837; x_wconf 94' lang='lat' dir='ltr'>ubi</span> <span class='ocrx_word' id='word_1_106' title='bbox 1292 1781 1430 1841; x_wconf 91' lang='lat' dir='ltr'>monendi</span> <span class='ocrx_word' id='word_1_107' title='bbox 1458 1791 1526 1842; x_wconf 91' lang='lat' dir='ltr'>sunt</span> <span class='ocrx_word' id='word_1_108' title='bbox 1553 1789 1582 1843; x_wconf 89' lang='lat' dir='ltr'>et</span> 
     </span>
     <span class='ocr_line' id='line_1_11' title="bbox 256 1874 1581 1962; baseline 0.01 -30"><span class='ocrx_word' id='word_1_109' title='bbox 256 1876 344 1951; x_wconf 74' lang='lat' dir='ltr'>teipsi</span> <span class='ocrx_word' id='word_1_110' title='bbox 366 1891 420 1952; x_wconf 90' lang='lat' dir='ltr'>per</span> <span class='ocrx_word' id='word_1_111' title='bbox 441 1877 568 1935; x_wconf 89' lang='lat' dir='ltr'>caritatis</span> <span class='ocrx_word' id='word_1_112' title='bbox 590 1876 824 1951; x_wconf 75' lang='lat' dir='ltr'>suggestionem,</span> <span class='ocrx_word' id='word_1_113' title='bbox 854 1874 894 1933; x_wconf 74' lang='lat' dir='ltr'>&#39;ad</span> <span class='ocrx_word' id='word_1_114' title='bbox 918 1892 949 1935; x_wconf 89' lang='lat' dir='ltr'>se</span> <span class='ocrx_word' id='word_1_115' title='bbox 973 1882 1002 1934; x_wconf 92' lang='lat' dir='ltr'>et</span> <span class='ocrx_word' id='word_1_116' title='bbox 1023 1876 1145 1935; x_wconf 87' lang='lat' dir='ltr'>redeant</span> <span class='ocrx_word' id='word_1_117' title='bbox 1171 1877 1249 1937; x_wconf 91' lang='lat' dir='ltr'>ultro</span> <span class='ocrx_word' id='word_1_118' title='bbox 1274 1881 1372 1956; x_wconf 83' lang='lat' dir='ltr'>potius</span> <span class='ocrx_word' id='word_1_119' title='bbox 1393 1900 1472 1943; x_wconf 89' lang='lat' dir='ltr'>nunc</span> <span class='ocrx_word' id='word_1_120' title='bbox 1494 1902 1581 1962; x_wconf 88' lang='lat' dir='ltr'>quam</span> 
     </span>
     <span class='ocr_line' id='line_1_12' title="bbox 287 1954 1650 2064; baseline 0.009 -29"><span class='ocrx_word' id='word_1_121' title='bbox 287 1975 374 2052; x_wconf 91' lang='lat' dir='ltr'>paulo</span> <span class='ocrx_word' id='word_1_122' title='bbox 399 1985 465 2054; x_wconf 89' lang='lat' dir='ltr'>post</span> <span class='ocrx_word' id='word_1_123' title='bbox 492 1979 593 2038; x_wconf 84' lang='lat' dir='ltr'>coacti.</span> <span class='ocrx_word' id='word_1_124' title='bbox 634 1976 777 2055; x_wconf 80' lang='lat' dir='ltr'>Tyrannis</span> <span class='ocrx_word' id='word_1_125' title='bbox 804 1975 924 2053; x_wconf 87' lang='lat' dir='ltr'>reliquis</span> <span class='ocrx_word' id='word_1_126' title='bbox 949 1977 1083 2036; x_wconf 88' lang='lat' dir='ltr'>securius</span> <span class='ocrx_word' id='word_1_127' title='bbox 1111 1954 1155 2037; x_wconf 64' lang='lat' dir='ltr'>es&#39;t</span> <span class='ocrx_word' id='word_1_128' title='bbox 1182 1987 1284 2041; x_wconf 89' lang='lat' dir='ltr'>tenere</span> <span class='ocrx_word' id='word_1_129' title='bbox 1311 1983 1466 2059; x_wconf 88' lang='lat' dir='ltr'>imperium</span> <span class='ocrx_word' id='word_1_130' title='bbox 1492 1999 1650 2064; x_wconf 69' lang='lat' dir='ltr'>quamnee.</span> 
     </span>
     <span class='ocr_line' id='line_1_13' title="bbox 288 2076 1579 2157; baseline 0.009 -21"><span class='ocrx_word' id='word_1_131' title='bbox 288 2077 451 2155; x_wconf 89' lang='lat' dir='ltr'>deponere;</span> <span class='ocrx_word' id='word_1_132' title='bbox 475 2080 627 2155; x_wconf 84' lang='lat' dir='ltr'>pontifices</span> <span class='ocrx_word' id='word_1_133' title='bbox 645 2078 807 2145; x_wconf 88' lang='lat' dir='ltr'>Romanos,</span> <span class='ocrx_word' id='word_1_134' title='bbox 832 2078 910 2155; x_wconf 92' lang='lat' dir='ltr'>quod</span> <span class='ocrx_word' id='word_1_135' title='bbox 936 2076 1031 2137; x_wconf 88' lang='lat' dir='ltr'>solum</span> <span class='ocrx_word' id='word_1_136' title='bbox 1053 2078 1175 2138; x_wconf 81' lang='lat' dir='ltr'>odibiles</span> <span class='ocrx_word' id='word_1_137' title='bbox 1198 2080 1267 2141; x_wconf 86' lang='lat' dir='ltr'>lacit</span> <span class='ocrx_word' id='word_1_138' title='bbox 1290 2084 1415 2144; x_wconf 73' lang='lat' dir='ltr'>avarities</span> <span class='ocrx_word' id='word_1_139' title='bbox 1442 2087 1579 2157; x_wconf 89' lang='lat' dir='ltr'>studium,</span> 
     </span>
     <span class='ocr_line' id='line_1_14' title="bbox 286 2176 1579 2262; baseline 0.008 -24"><span class='ocrx_word' id='word_1_140' title='bbox 286 2180 429 2257; x_wconf 86' lang='lat' dir='ltr'>siquando</span> <span class='ocrx_word' id='word_1_141' title='bbox 452 2180 618 2248; x_wconf 85' lang='lat' dir='ltr'>deseratur,</span> <span class='ocrx_word' id='word_1_142' title='bbox 649 2197 709 2238; x_wconf 95' lang='lat' dir='ltr'>non</span> <span class='ocrx_word' id='word_1_143' title='bbox 736 2179 824 2238; x_wconf 80' lang='lat' dir='ltr'>morlo</span> <span class='ocrx_word' id='word_1_144' title='bbox 854 2176 985 2256; x_wconf 88' lang='lat' dir='ltr'>periculo</span> <span class='ocrx_word' id='word_1_145' title='bbox 1012 2196 1072 2237; x_wconf 91' lang='lat' dir='ltr'>non</span> <span class='ocrx_word' id='word_1_146' title='bbox 1097 2188 1237 2258; x_wconf 85' lang='lat' dir='ltr'>exponet,</span> <span class='ocrx_word' id='word_1_147' title='bbox 1269 2183 1320 2242; x_wconf 84' lang='lat' dir='ltr'>secl</span> <span class='ocrx_word' id='word_1_148' title='bbox 1350 2186 1454 2262; x_wconf 90' lang='lat' dir='ltr'>eripiet</span> <span class='ocrx_word' id='word_1_149' title='bbox 1484 2189 1579 2248; x_wconf 87' lang='lat' dir='ltr'>etiam.</span> 
     </span>
     <span class='ocr_line' id='line_1_15' title="bbox 287 2279 1579 2359; baseline 0.007 -18"><span class='ocrx_word' id='word_1_150' title='bbox 287 2283 396 2359; x_wconf 85' lang='lat' dir='ltr'>quippe</span> <span class='ocrx_word' id='word_1_151' title='bbox 417 2282 558 2359; x_wconf 88' lang='lat' dir='ltr'>incipiunt</span> <span class='ocrx_word' id='word_1_152' title='bbox 579 2299 683 2359; x_wconf 86' lang='lat' dir='ltr'>sapere</span> <span class='ocrx_word' id='word_1_153' title='bbox 704 2282 760 2339; x_wconf 89' lang='lat' dir='ltr'>iam</span> <span class='ocrx_word' id='word_1_154' title='bbox 781 2281 830 2357; x_wconf 89' lang='lat' dir='ltr'>qui</span> <span class='ocrx_word' id='word_1_155' title='bbox 848 2297 902 2357; x_wconf 91' lang='lat' dir='ltr'>per</span> <span class='ocrx_word' id='word_1_156' title='bbox 925 2279 1059 2338; x_wconf 78' lang='lat' dir='ltr'>fraudem</span> <span class='ocrx_word' id='word_1_157' title='bbox 1083 2279 1214 2342; x_wconf 78' lang='lat' dir='ltr'>infatuati</span> <span class='ocrx_word' id='word_1_158' title='bbox 1236 2290 1335 2353; x_wconf 88' lang='lat' dir='ltr'>erant,</span> <span class='ocrx_word' id='word_1_159' title='bbox 1360 2292 1388 2345; x_wconf 91' lang='lat' dir='ltr'>et</span> <span class='ocrx_word' id='word_1_160' title='bbox 1410 2287 1511 2348; x_wconf 89' lang='lat' dir='ltr'>oeulos</span> <span class='ocrx_word' id='word_1_161' title='bbox 1532 2308 1579 2350; x_wconf 91' lang='lat' dir='ltr'>re-</span> 
     </span>
     <span class='ocr_line' id='line_1_16' title="bbox 251 2381 1649 2461; baseline 0.007 -20"><span class='ocrx_word' id='word_1_162' title='bbox 251 2394 276 2435; x_wconf 75' lang='lat'>¹⁵</span> <span class='ocrx_word' id='word_1_163' title='bbox 288 2383 399 2459; x_wconf 88' lang='lat' dir='ltr'>cipiunt</span> <span class='ocrx_word' id='word_1_164' title='bbox 420 2401 494 2461; x_wconf 88' lang='lat' dir='ltr'>quos</span> <span class='ocrx_word' id='word_1_165' title='bbox 519 2383 733 2460; x_wconf 86' lang='lat' dir='ltr'>superstitionis</span> <span class='ocrx_word' id='word_1_166' title='bbox 759 2387 956 2441; x_wconf 70' lang='lat' dir='ltr'>excecaverat</span> <span class='ocrx_word' id='word_1_167' title='bbox 984 2398 1078 2440; x_wconf 90' lang='lat' dir='ltr'>error.</span> <span class='ocrx_word' id='word_1_168' title='bbox 1125 2381 1234 2453; x_wconf 78' lang='lat' dir='ltr'>Ouoelsi</span> <span class='ocrx_word' id='word_1_169' title='bbox 1262 2384 1298 2444; x_wconf 92' lang='lat' dir='ltr'>de</span> <span class='ocrx_word' id='word_1_170' title='bbox 1325 2385 1493 2449; x_wconf 81' lang='lat' dir='ltr'>hominibus</span> <span class='ocrx_word' id='word_1_171' title='bbox 1521 2405 1649 2457; x_wconf 70' lang='lat' dir='ltr'>nouere.</span> 
     </span>
     <span class='ocr_line' id='line_1_17' title="bbox 285 2480 1578 2563; baseline 0.007 -21"><span class='ocrx_word' id='word_1_172' title='bbox 285 2482 494 2561; x_wconf 82' lang='lat' dir='ltr'>suspicandum</span> <span class='ocrx_word' id='word_1_173' title='bbox 517 2486 603 2545; x_wconf 89' lang='lat' dir='ltr'>etiam</span> <span class='ocrx_word' id='word_1_174' title='bbox 625 2484 786 2551; x_wconf 89' lang='lat' dir='ltr'>videretur,</span> <span class='ocrx_word' id='word_1_175' title='bbox 807 2489 904 2542; x_wconf 85' lang='lat' dir='ltr'>tamen</span> <span class='ocrx_word' id='word_1_176' title='bbox 927 2480 1038 2542; x_wconf 91' lang='lat' dir='ltr'>ultores</span> <span class='ocrx_word' id='word_1_177' title='bbox 1062 2482 1108 2542; x_wconf 90' lang='lat' dir='ltr'>dei</span> <span class='ocrx_word' id='word_1_178' title='bbox 1128 2483 1229 2543; x_wconf 90' lang='lat' dir='ltr'>oculos</span> <span class='ocrx_word' id='word_1_179' title='bbox 1243 2492 1378 2563; x_wconf 89' lang='lat' dir='ltr'>putarem</span> <span class='ocrx_word' id='word_1_180' title='bbox 1396 2491 1578 2551; x_wconf 89' lang='lat' dir='ltr'>metuendos.</span> 
     </span>
     <span class='ocr_line' id='line_1_18' title="bbox 285 2581 1631 2669; baseline 0.006 -25"><span class='ocrx_word' id='word_1_181' title='bbox 285 2587 335 2663; x_wconf 84' lang='lat' dir='ltr'>qrri</span> <span class='ocrx_word' id='word_1_182' title='bbox 356 2587 380 2645; x_wconf 91' lang='lat' dir='ltr'>si</span> <span class='ocrx_word' id='word_1_183' title='bbox 403 2584 471 2645; x_wconf 88' lang='lat' dir='ltr'>olim</span> <span class='ocrx_word' id='word_1_184' title='bbox 494 2587 577 2645; x_wconf 83' lang='lat' dir='ltr'>eiecit</span> <span class='ocrx_word' id='word_1_185' title='bbox 599 2605 635 2646; x_wconf 88' lang='lat' dir='ltr'>ex</span> <span class='ocrx_word' id='word_1_186' title='bbox 658 2584 767 2661; x_wconf 88' lang='lat' dir='ltr'>templo</span> <span class='ocrx_word' id='word_1_187' title='bbox 787 2583 953 2644; x_wconf 86' lang='lat' dir='ltr'>Solomonis</span> <span class='ocrx_word' id='word_1_188' title='bbox 981 2585 1031 2662; x_wconf 85' lang='lat' dir='ltr'>qui</span> <span class='ocrx_word' id='word_1_189' title='bbox 1064 2601 1113 2643; x_wconf 90' lang='lat' dir='ltr'>res</span> <span class='ocrx_word' id='word_1_190' title='bbox 1141 2583 1181 2644; x_wconf 90' lang='lat' dir='ltr'>ibi</span> <span class='ocrx_word' id='word_1_191' title='bbox 1210 2585 1328 2647; x_wconf 79' lang='lat' dir='ltr'>frivolas</span> <span class='ocrx_word' id='word_1_192' title='bbox 1356 2595 1385 2647; x_wconf 91' lang='lat' dir='ltr'>et</span> <span class='ocrx_word' id='word_1_193' title='bbox 1413 2591 1581 2669; x_wconf 88' lang='lat' dir='ltr'>prophanas</span> <span class='ocrx_word' id='word_1_194' title='bbox 1626 2581 1631 2588; x_wconf 76' lang='grc'>’</span> 
     </span>
     <span class='ocr_line' id='line_1_19' title="bbox 285 2684 1580 2764; baseline 0.006 -17"><span class='ocrx_word' id='word_1_195' title='bbox 285 2687 423 2747; x_wconf 84' lang='lat' dir='ltr'>emebant</span> <span class='ocrx_word' id='word_1_196' title='bbox 444 2706 478 2746; x_wconf 88' lang='lat' dir='ltr'>ac</span> <span class='ocrx_word' id='word_1_197' title='bbox 500 2686 679 2755; x_wconf 90' lang='lat' dir='ltr'>vendebant,</span> <span class='ocrx_word' id='word_1_198' title='bbox 707 2686 777 2764; x_wconf 83' lang='lat' dir='ltr'>quid</span> <span class='ocrx_word' id='word_1_199' title='bbox 802 2703 853 2746; x_wconf 88' lang='lat' dir='ltr'>eos</span> <span class='ocrx_word' id='word_1_200' title='bbox 877 2685 965 2745; x_wconf 81' lang='lat' dir='ltr'>saciet</span> <span class='ocrx_word' id='word_1_201' title='bbox 984 2686 1035 2762; x_wconf 90' lang='lat' dir='ltr'>qui</span> <span class='ocrx_word' id='word_1_202' title='bbox 1056 2686 1086 2745; x_wconf 92' lang='lat' dir='ltr'>in</span> <span class='ocrx_word' id='word_1_203' title='bbox 1109 2684 1231 2746; x_wconf 87' lang='lat' dir='ltr'>ecclesia</span> <span class='ocrx_word' id='word_1_204' title='bbox 1257 2705 1310 2748; x_wconf 89' lang='lat' dir='ltr'>sua</span> <span class='ocrx_word' id='word_1_205' title='bbox 1333 2688 1411 2750; x_wconf 90' lang='lat' dir='ltr'>baud</span> <span class='ocrx_word' id='word_1_206' title='bbox 1435 2692 1507 2752; x_wconf 91' lang='lat' dir='ltr'>citra</span> <span class='ocrx_word' id='word_1_207' title='bbox 1529 2694 1580 2755; x_wconf 91' lang='lat' dir='ltr'>de·</span> 
     </span>
     <span class='ocr_line' id='line_1_20' title="bbox 285 2786 1658 2865; baseline 0.004 -18"><span class='ocrx_word' id='word_1_208' title='bbox 285 2786 448 2849; x_wconf 89' lang='lat' dir='ltr'>testabilem</span> <span class='ocrx_word' id='word_1_209' title='bbox 478 2787 555 2848; x_wconf 91' lang='lat' dir='ltr'>illius</span> <span class='ocrx_word' id='word_1_210' title='bbox 583 2786 773 2865; x_wconf 87' lang='lat' dir='ltr'>pollutionem</span> <span class='ocrx_word' id='word_1_211' title='bbox 803 2788 956 2847; x_wconf 80' lang='lat' dir='ltr'>sacrorum</span> <span class='ocrx_word' id='word_1_212' title='bbox 984 2787 1070 2846; x_wconf 87' lang='lat' dir='ltr'>etiam</span> <span class='ocrx_word' id='word_1_213' title='bbox 1100 2796 1262 2848; x_wconf 86' lang='lat' dir='ltr'>mercatum</span> <span class='ocrx_word' id='word_1_214' title='bbox 1284 2790 1490 2856; x_wconf 83' lang='lat' dir='ltr'>instituerunt?</span> <span class='ocrx_word' id='word_1_215' title='bbox 1522 2811 1582 2853; x_wconf 91' lang='lat' dir='ltr'>non</span> <span class='ocrx_word' id='word_1_216' title='bbox 1653 2824 1658 2833; x_wconf 93' lang='lat'><em>·</em></span> 
     </span>
     <span class='ocr_line' id='line_1_21' title="bbox 252 2884 1583 2966; baseline 0.009 -23"><span class='ocrx_word' id='word_1_217' title='bbox 252 2903 279 2944; x_wconf 79' lang='lat' dir='ltr'>ro</span> <span class='ocrx_word' id='word_1_218' title='bbox 292 2888 329 2948; x_wconf 94' lang='lat' dir='ltr'>ab</span> <span class='ocrx_word' id='word_1_219' title='bbox 351 2890 386 2949; x_wconf 90' lang='lat' dir='ltr'>iis</span> <span class='ocrx_word' id='word_1_220' title='bbox 407 2889 520 2950; x_wconf 84' lang='lat' dir='ltr'>auderet</span> <span class='ocrx_word' id='word_1_221' title='bbox 538 2890 652 2948; x_wconf 91' lang='lat' dir='ltr'>vineam</span> <span class='ocrx_word' id='word_1_222' title='bbox 674 2907 756 2948; x_wconf 89' lang='lat' dir='ltr'>suam</span> <span class='ocrx_word' id='word_1_223' title='bbox 778 2887 985 2966; x_wconf 79' lang='lat' dir='ltr'>paterfamilias</span> <span class='ocrx_word' id='word_1_224' title='bbox 1000 2884 1123 2946; x_wconf 76' lang='lat' dir='ltr'>ecelesiis</span> <span class='ocrx_word' id='word_1_225' title='bbox 1138 2894 1167 2947; x_wconf 89' lang='lat' dir='ltr'>et</span> <span class='ocrx_word' id='word_1_226' title='bbox 1181 2888 1289 2950; x_wconf 83' lang='lat' dir='ltr'>loc-abit</span> <span class='ocrx_word' id='word_1_227' title='bbox 1307 2910 1372 2952; x_wconf 90' lang='lat' dir='ltr'>eam</span> <span class='ocrx_word' id='word_1_228' title='bbox 1393 2892 1469 2963; x_wconf 89' lang='lat' dir='ltr'>aliis,</span> <span class='ocrx_word' id='word_1_229' title='bbox 1490 2895 1583 2955; x_wconf 92' lang='lat' dir='ltr'>malos</span> 
     </span>
     <span class='ocr_line' id='line_1_22' title="bbox 284 2988 1581 3074; baseline 0.008 -26"><span class='ocrx_word' id='word_1_230' title='bbox 284 3009 355 3050; x_wconf 92' lang='lat' dir='ltr'>vero</span> <span class='ocrx_word' id='word_1_231' title='bbox 378 2991 453 3050; x_wconf 89' lang='lat' dir='ltr'>male</span> <span class='ocrx_word' id='word_1_232' title='bbox 475 2991 596 3068; x_wconf 79' lang='lat' dir='ltr'>perdet?</span> <span class='ocrx_word' id='word_1_233' title='bbox 630 2996 760 3049; x_wconf 90' lang='lat' dir='ltr'>autnon</span> <span class='ocrx_word' id='word_1_234' title='bbox 788 2989 845 3048; x_wconf 88' lang='lat' dir='ltr'>boc</span> <span class='ocrx_word' id='word_1_235' title='bbox 873 2988 960 3049; x_wconf 82' lang='lat' dir='ltr'>faciet</span> <span class='ocrx_word' id='word_1_236' title='bbox 987 2988 1066 3065; x_wconf 87' lang='lat' dir='ltr'>quod</span> <span class='ocrx_word' id='word_1_237' title='bbox 1096 3004 1150 3065; x_wconf 89' lang='lat' dir='ltr'>per</span> <span class='ocrx_word' id='word_1_238' title='bbox 1181 3008 1214 3048; x_wconf 89' lang='lat' dir='ltr'>os</span> <span class='ocrx_word' id='word_1_239' title='bbox 1240 2990 1401 3052; x_wconf 87' lang='lat' dir='ltr'>Ezechielis</span> <span class='ocrx_word' id='word_1_240' title='bbox 1429 2996 1581 3074; x_wconf 74' lang='lat' dir='ltr'>prophetae</span> 
     </span>
     <span class='ocr_line' id='line_1_23' title="bbox 285 3087 1650 3174; baseline 0.007 -24"><span class='ocrx_word' id='word_1_241' title='bbox 285 3099 329 3150; x_wconf 86' lang='lat' dir='ltr'>est</span> <span class='ocrx_word' id='word_1_242' title='bbox 351 3093 562 3152; x_wconf 80' lang='lat' dir='ltr'>comminatus?</span> <span class='ocrx_word' id='word_1_243' title='bbox 596 3093 675 3159; x_wconf 86' lang='lat' dir='ltr'>„Pro</span> <span class='ocrx_word' id='word_1_244' title='bbox 698 3100 755 3150; x_wconf 85' lang='lat' dir='ltr'>eo“</span> <span class='ocrx_word' id='word_1_245' title='bbox 778 3092 871 3168; x_wconf 86' lang='lat' dir='ltr'>inquit</span> <span class='ocrx_word' id='word_1_246' title='bbox 894 3089 993 3167; x_wconf 83' lang='lat' dir='ltr'>“quod</span> <span class='ocrx_word' id='word_1_247' title='bbox 1017 3089 1085 3148; x_wconf 88' lang='lat' dir='ltr'>lacti</span> <span class='ocrx_word' id='word_1_248' title='bbox 1107 3096 1174 3149; x_wconf 92' lang='lat' dir='ltr'>sunt</span> <span class='ocrx_word' id='word_1_249' title='bbox 1193 3107 1300 3168; x_wconf 79' lang='lat' dir='ltr'>greges</span> <span class='ocrx_word' id='word_1_250' title='bbox 1322 3095 1378 3152; x_wconf 89' lang='lat' dir='ltr'>ruei</span> <span class='ocrx_word' id='word_1_251' title='bbox 1401 3096 1431 3154; x_wconf 90' lang='lat' dir='ltr'>in</span> <span class='ocrx_word' id='word_1_252' title='bbox 1445 3087 1650 3174; x_wconf 60' lang='lat' dir='ltr'>rapinamses.</span> 
     </span>
     <span class='ocr_line' id='line_1_24' title="bbox 285 3190 1582 3273; baseline 0.004 -20"><span class='ocrx_word' id='word_1_253' title='bbox 285 3201 336 3262; x_wconf 88' lang='lat' dir='ltr'>„et</span> <span class='ocrx_word' id='word_1_254' title='bbox 357 3212 426 3253; x_wconf 87' lang='lat' dir='ltr'>oves</span> <span class='ocrx_word' id='word_1_255' title='bbox 449 3212 522 3254; x_wconf 73' lang='lat' dir='ltr'>meae</span> <span class='ocrx_word' id='word_1_256' title='bbox 542 3195 571 3253; x_wconf 92' lang='lat' dir='ltr'>in</span> <span class='ocrx_word' id='word_1_257' title='bbox 593 3192 810 3253; x_wconf 89' lang='lat' dir='ltr'>devorationem</span> <span class='ocrx_word' id='word_1_258' title='bbox 833 3192 963 3250; x_wconf 90' lang='lat' dir='ltr'>omnium</span> <span class='ocrx_word' id='word_1_259' title='bbox 983 3190 1144 3250; x_wconf 90' lang='lat' dir='ltr'>bestiarum</span> <span class='ocrx_word' id='word_1_260' title='bbox 1164 3193 1241 3267; x_wconf 88' lang='lat' dir='ltr'>agri,</span> <span class='ocrx_word' id='word_1_261' title='bbox 1271 3210 1306 3252; x_wconf 88' lang='lat' dir='ltr'>eo</span> <span class='ocrx_word' id='word_1_262' title='bbox 1325 3194 1403 3271; x_wconf 84' lang='lat' dir='ltr'>quod</span> <span class='ocrx_word' id='word_1_263' title='bbox 1427 3214 1486 3273; x_wconf 89' lang='lat' dir='ltr'>non</span> <span class='ocrx_word' id='word_1_264' title='bbox 1505 3205 1582 3258; x_wconf 90' lang='lat' dir='ltr'>esset</span> 
     </span>
     <span class='ocr_line' id='line_1_25' title="bbox 285 3295 1581 3374; baseline 0.005 -22"><span class='ocrx_word' id='word_1_265' title='bbox 285 3301 420 3371; x_wconf 91' lang='lat' dir='ltr'>„past0r,</span> <span class='ocrx_word' id='word_1_266' title='bbox 452 3313 548 3374; x_wconf 87' lang='lat' dir='ltr'>neque</span> <span class='ocrx_word' id='word_1_267' title='bbox 578 3297 655 3354; x_wconf 87' lang='lat' dir='ltr'>enim</span> <span class='ocrx_word' id='word_1_268' title='bbox 682 3295 878 3372; x_wconf 83' lang='lat' dir='ltr'>quaesiverunt</span> <span class='ocrx_word' id='word_1_269' title='bbox 900 3299 1034 3369; x_wconf 88' lang='lat' dir='ltr'>pastores</span> <span class='ocrx_word' id='word_1_270' title='bbox 1059 3308 1181 3367; x_wconf 85' lang='lat' dir='ltr'>gregem</span> <span class='ocrx_word' id='word_1_271' title='bbox 1204 3311 1319 3361; x_wconf 92' lang='lat' dir='ltr'>meum,</span> <span class='ocrx_word' id='word_1_272' title='bbox 1347 3295 1398 3354; x_wconf 87' lang='lat' dir='ltr'>sed</span> <span class='ocrx_word' id='word_1_273' title='bbox 1421 3297 1581 3373; x_wconf 90' lang='lat' dir='ltr'>pascebant</span> 
     </span>
     <span class='ocr_line' id='line_1_26' title="bbox 248 3391 1579 3475; baseline 0.003 -21"><span class='ocrx_word' id='word_1_274' title='bbox 248 3403 439 3473; x_wconf 72' lang='lat' dir='ltr'>²⁵„pastores</span> <span class='ocrx_word' id='word_1_275' title='bbox 462 3398 649 3473; x_wconf 77' lang='lat' dir='ltr'>semetipsoS,</span> <span class='ocrx_word' id='word_1_276' title='bbox 680 3402 709 3455; x_wconf 90' lang='lat' dir='ltr'>et</span> <span class='ocrx_word' id='word_1_277' title='bbox 731 3411 837 3471; x_wconf 83' lang='lat' dir='ltr'>greges</span> <span class='ocrx_word' id='word_1_278' title='bbox 859 3411 941 3453; x_wconf 87' lang='lat' dir='ltr'>meos</span> <span class='ocrx_word' id='word_1_279' title='bbox 962 3410 1021 3451; x_wconf 92' lang='lat' dir='ltr'>nou</span> <span class='ocrx_word' id='word_1_280' title='bbox 1042 3391 1216 3469; x_wconf 88' lang='lat' dir='ltr'>pascebant;</span> <span class='ocrx_word' id='word_1_281' title='bbox 1244 3402 1417 3473; x_wconf 87' lang='lat' dir='ltr'>propterea,</span> <span class='ocrx_word' id='word_1_282' title='bbox 1437 3405 1579 3475; x_wconf 89' lang='lat' dir='ltr'>pastores,</span> 
     </span>
     <span class='ocr_line' id='line_1_27' title="bbox 284 3493 1581 3577; baseline 0.002 -20"><span class='ocrx_word' id='word_1_283' title='bbox 284 3497 402 3565; x_wconf 89' lang='lat' dir='ltr'>„audite</span> <span class='ocrx_word' id='word_1_284' title='bbox 426 3497 549 3557; x_wconf 91' lang='lat' dir='ltr'>verbum</span> <span class='ocrx_word' id='word_1_285' title='bbox 572 3498 697 3557; x_wconf 89' lang='lat' dir='ltr'>domini:</span> <span class='ocrx_word' id='word_1_286' title='bbox 731 3497 794 3556; x_wconf 85' lang='lat' dir='ltr'>haec</span> <span class='ocrx_word' id='word_1_287' title='bbox 822 3495 891 3555; x_wconf 90' lang='lat' dir='ltr'>dicit</span> <span class='ocrx_word' id='word_1_288' title='bbox 918 3494 1055 3554; x_wconf 87' lang='lat' dir='ltr'>domiuus</span> <span class='ocrx_word' id='word_1_289' title='bbox 1083 3493 1156 3554; x_wconf 88' lang='lat' dir='ltr'>deus</span> <span class='ocrx_word' id='word_1_290' title='bbox 1193 3494 1279 3555; x_wconf 85' lang='lat' dir='ltr'>‘Ecce</span> <span class='ocrx_word' id='word_1_291' title='bbox 1312 3513 1367 3572; x_wconf 90' lang='lat' dir='ltr'>ego</span> <span class='ocrx_word' id='word_1_292' title='bbox 1400 3499 1462 3575; x_wconf 89' lang='lat' dir='ltr'>ipse</span> <span class='ocrx_word' id='word_1_293' title='bbox 1490 3517 1581 3577; x_wconf 89' lang='lat' dir='ltr'>super</span> 
     </span>
     <span class='ocr_line' id='line_1_28' title="bbox 285 3595 1582 3677; baseline 0.002 -19"><span class='ocrx_word' id='word_1_294' title='bbox 285 3605 440 3677; x_wconf 89' lang='lat' dir='ltr'>„pastores</span> <span class='ocrx_word' id='word_1_295' title='bbox 463 3601 612 3677; x_wconf 90' lang='lat' dir='ltr'>requiram</span> <span class='ocrx_word' id='word_1_296' title='bbox 635 3615 757 3676; x_wconf 84' lang='lat' dir='ltr'>gregem</span> <span class='ocrx_word' id='word_1_297' title='bbox 780 3615 878 3657; x_wconf 91' lang='lat' dir='ltr'>meum</span> <span class='ocrx_word' id='word_1_298' title='bbox 901 3595 937 3655; x_wconf 91' lang='lat' dir='ltr'>de</span> <span class='ocrx_word' id='word_1_299' title='bbox 961 3612 1050 3654; x_wconf 88' lang='lat' dir='ltr'>manu</span> <span class='ocrx_word' id='word_1_300' title='bbox 1074 3613 1193 3664; x_wconf 92' lang='lat' dir='ltr'>eorum,</span> <span class='ocrx_word' id='word_1_301' title='bbox 1218 3602 1246 3657; x_wconf 89' lang='lat' dir='ltr'>et</span> <span class='ocrx_word' id='word_1_302' title='bbox 1268 3613 1384 3657; x_wconf 88' lang='lat' dir='ltr'>cessare</span> <span class='ocrx_word' id='word_1_303' title='bbox 1406 3599 1526 3669; x_wconf 82' lang='lat' dir='ltr'>daciam,</span> <span class='ocrx_word' id='word_1_304' title='bbox 1549 3609 1582 3661; x_wconf 92' lang='lat' dir='ltr'>ut</span> 
     </span>
     <span class='ocr_line' id='line_1_29' title="bbox 283 3696 1579 3780; baseline 0 -19"><span class='ocrx_word' id='word_1_305' title='bbox 283 3699 381 3770; x_wconf 91' lang='lat' dir='ltr'>„ultra</span> <span class='ocrx_word' id='word_1_306' title='bbox 404 3719 464 3760; x_wconf 92' lang='lat' dir='ltr'>uon</span> <span class='ocrx_word' id='word_1_307' title='bbox 482 3708 603 3778; x_wconf 87' lang='lat' dir='ltr'>pascant</span> <span class='ocrx_word' id='word_1_308' title='bbox 617 3717 738 3776; x_wconf 87' lang='lat' dir='ltr'>gregem</span> <span class='ocrx_word' id='word_1_309' title='bbox 756 3717 870 3765; x_wconf 91' lang='lat' dir='ltr'>meum,</span> <span class='ocrx_word' id='word_1_310' title='bbox 892 3715 948 3756; x_wconf 89' lang='lat' dir='ltr'>nec</span> <span class='ocrx_word' id='word_1_311' title='bbox 962 3702 1086 3774; x_wconf 87' lang='lat' dir='ltr'>pascant</span> <span class='ocrx_word' id='word_1_312' title='bbox 1101 3696 1225 3773; x_wconf 91' lang='lat' dir='ltr'>amplius</span> <span class='ocrx_word' id='word_1_313' title='bbox 1243 3704 1376 3775; x_wconf 90' lang='lat' dir='ltr'>pastores</span> <span class='ocrx_word' id='word_1_314' title='bbox 1392 3703 1579 3780; x_wconf 89' lang='lat' dir='ltr'>semetipsos;</span> 
     </span>
     <span class='ocr_line' id='line_1_30' title="bbox 284 3797 1578 3880; baseline 0.002 -19"><span class='ocrx_word' id='word_1_315' title='bbox 284 3809 333 3871; x_wconf 91' lang='lat' dir='ltr'>„et</span> <span class='ocrx_word' id='word_1_316' title='bbox 356 3801 488 3862; x_wconf 90' lang='lat' dir='ltr'>liberabo</span> <span class='ocrx_word' id='word_1_317' title='bbox 511 3821 632 3880; x_wconf 85' lang='lat' dir='ltr'>gregem</span> <span class='ocrx_word' id='word_1_318' title='bbox 653 3820 752 3861; x_wconf 90' lang='lat' dir='ltr'>meum</span> <span class='ocrx_word' id='word_1_319' title='bbox 775 3801 810 3860; x_wconf 91' lang='lat' dir='ltr'>de</span> <span class='ocrx_word' id='word_1_320' title='bbox 833 3818 885 3859; x_wconf 89' lang='lat' dir='ltr'>ore</span> <span class='ocrx_word' id='word_1_321' title='bbox 901 3814 1022 3865; x_wconf 90' lang='lat' dir='ltr'>eorum,</span> <span class='ocrx_word' id='word_1_322' title='bbox 1047 3804 1076 3858; x_wconf 90' lang='lat' dir='ltr'>et</span> <span class='ocrx_word' id='word_1_323' title='bbox 1096 3814 1155 3857; x_wconf 90' lang='lat' dir='ltr'>nou</span> <span class='ocrx_word' id='word_1_324' title='bbox 1171 3799 1227 3858; x_wconf 89' lang='lat' dir='ltr'>erit</span> <span class='ocrx_word' id='word_1_325' title='bbox 1242 3797 1318 3859; x_wconf 91' lang='lat' dir='ltr'>ultra</span> <span class='ocrx_word' id='word_1_326' title='bbox 1337 3803 1378 3861; x_wconf 91' lang='lat' dir='ltr'>eis</span> <span class='ocrx_word' id='word_1_327' title='bbox 1397 3804 1427 3862; x_wconf 91' lang='lat' dir='ltr'>in</span> <span class='ocrx_word' id='word_1_328' title='bbox 1442 3801 1578 3863; x_wconf 87' lang='lat' dir='ltr'>escam&#39;.&#39;&#39;</span> 
     </span>
     <span class='ocr_line' id='line_1_31' title="bbox 247 3892 1647 3977; baseline 0.001 -14"><span class='ocrx_word' id='word_1_329' title='bbox 247 3904 405 3964; x_wconf 85' lang='lat' dir='ltr'>³⁰Fuimus</span> <span class='ocrx_word' id='word_1_330' title='bbox 428 3906 462 3963; x_wconf 91' lang='lat' dir='ltr'>iis</span> <span class='ocrx_word' id='word_1_331' title='bbox 485 3906 564 3964; x_wconf 91' lang='lat' dir='ltr'>enirn</span> <span class='ocrx_word' id='word_1_332' title='bbox 585 3906 613 3963; x_wconf 93' lang='lat' dir='ltr'>in</span> <span class='ocrx_word' id='word_1_333' title='bbox 635 3922 750 3970; x_wconf 88' lang='lat' dir='ltr'>escam,</span> <span class='ocrx_word' id='word_1_334' title='bbox 771 3921 826 3962; x_wconf 90' lang='lat' dir='ltr'>nec</span> <span class='ocrx_word' id='word_1_335' title='bbox 844 3899 939 3968; x_wconf 89' lang='lat' dir='ltr'>debita</span> <span class='ocrx_word' id='word_1_336' title='bbox 956 3901 1049 3959; x_wconf 89' lang='lat' dir='ltr'>tenuit</span> <span class='ocrx_word' id='word_1_337' title='bbox 1064 3916 1114 3959; x_wconf 90' lang='lat' dir='ltr'>eos</span> <span class='ocrx_word' id='word_1_338' title='bbox 1128 3892 1292 3960; x_wconf 90' lang='lat' dir='ltr'>animarum</span> <span class='ocrx_word' id='word_1_339' title='bbox 1311 3908 1479 3963; x_wconf 86' lang='lat' dir='ltr'>nostrarum</span> <span class='ocrx_word' id='word_1_340' title='bbox 1496 3923 1577 3974; x_wconf 90' lang='lat' dir='ltr'>cura,</span> <span class='ocrx_word' id='word_1_341' title='bbox 1589 3926 1647 3977; x_wconf 68' lang='lat' dir='ltr'>ere,</span> 
     </span>
     <span class='ocr_line' id='line_1_32' title="bbox 281 3999 1579 4083; baseline 0.005 -21"><span class='ocrx_word' id='word_1_342' title='bbox 281 4005 333 4065; x_wconf 87' lang='lat' dir='ltr'>sed</span> <span class='ocrx_word' id='word_1_343' title='bbox 356 4024 442 4066; x_wconf 88' lang='lat' dir='ltr'>avara</span> <span class='ocrx_word' id='word_1_344' title='bbox 464 4007 596 4065; x_wconf 63' lang='lat' dir='ltr'>(exercuit</span> <span class='ocrx_word' id='word_1_345' title='bbox 617 4007 750 4083; x_wconf 81' lang='lat' dir='ltr'>pecuniee</span> <span class='ocrx_word' id='word_1_346' title='bbox 773 4011 880 4063; x_wconf 83' lang='lat' dir='ltr'>nostrae</span> <span class='ocrx_word' id='word_1_347' title='bbox 903 4001 1018 4079; x_wconf 88' lang='lat' dir='ltr'>cupido.</span> <span class='ocrx_word' id='word_1_348' title='bbox 1060 4019 1116 4061; x_wconf 84' lang='lat' dir='ltr'>uec</span> <span class='ocrx_word' id='word_1_349' title='bbox 1141 3999 1211 4061; x_wconf 91' lang='lat' dir='ltr'>illud</span> <span class='ocrx_word' id='word_1_350' title='bbox 1232 4004 1448 4080; x_wconf 77' lang='lat' dir='ltr'>eprraesiverunt,</span> <span class='ocrx_word' id='word_1_351' title='bbox 1474 4012 1505 4066; x_wconf 92' lang='lat' dir='ltr'>ut</span> <span class='ocrx_word' id='word_1_352' title='bbox 1527 4024 1579 4067; x_wconf 90' lang='lat' dir='ltr'>sua</span> 
     </span>
     <span class='ocr_line' id='line_1_33' title="bbox 282 4101 1580 4183; baseline 0.002 -18"><span class='ocrx_word' id='word_1_353' title='bbox 282 4106 413 4166; x_wconf 84' lang='lat' dir='ltr'>doctrina</span> <span class='ocrx_word' id='word_1_354' title='bbox 440 4106 578 4167; x_wconf 90' lang='lat' dir='ltr'>meliores</span> <span class='ocrx_word' id='word_1_355' title='bbox 602 4125 657 4165; x_wconf 93' lang='lat' dir='ltr'>nos</span> <span class='ocrx_word' id='word_1_356' title='bbox 685 4107 832 4173; x_wconf 87' lang='lat' dir='ltr'>lacerent,</span> <span class='ocrx_word' id='word_1_357' title='bbox 863 4104 915 4163; x_wconf 90' lang='lat' dir='ltr'>sed</span> <span class='ocrx_word' id='word_1_358' title='bbox 937 4111 970 4162; x_wconf 92' lang='lat' dir='ltr'>ut</span> <span class='ocrx_word' id='word_1_359' title='bbox 996 4102 1100 4164; x_wconf 90' lang='lat' dir='ltr'>ablatis</span> <span class='ocrx_word' id='word_1_360' title='bbox 1125 4101 1211 4163; x_wconf 91' lang='lat' dir='ltr'>nobis</span> <span class='ocrx_word' id='word_1_361' title='bbox 1236 4123 1310 4165; x_wconf 90' lang='lat' dir='ltr'>auro</span> <span class='ocrx_word' id='word_1_362' title='bbox 1345 4113 1374 4166; x_wconf 90' lang='lat' dir='ltr'>et</span> <span class='ocrx_word' id='word_1_363' title='bbox 1401 4115 1524 4183; x_wconf 89' lang='lat' dir='ltr'>argento</span> <span class='ocrx_word' id='word_1_364' title='bbox 1548 4127 1580 4168; x_wconf 89' lang='lat' dir='ltr'>se</span> 
     </span>
     <span class='ocr_line' id='line_1_34' title="bbox 281 4205 1580 4288; baseline 0.002 -22"><span class='ocrx_word' id='word_1_365' title='bbox 281 4207 507 4286; x_wconf 87' lang='lat' dir='ltr'>locupletarent,</span> <span class='ocrx_word' id='word_1_366' title='bbox 539 4227 598 4287; x_wconf 90' lang='lat' dir='ltr'>quo</span> <span class='ocrx_word' id='word_1_367' title='bbox 621 4210 740 4268; x_wconf 89' lang='lat' dir='ltr'>nomine</span> <span class='ocrx_word' id='word_1_368' title='bbox 762 4225 852 4267; x_wconf 90' lang='lat' dir='ltr'>novas</span> <span class='ocrx_word' id='word_1_369' title='bbox 874 4205 979 4265; x_wconf 84' lang='lat' dir='ltr'>cotidie</span> <span class='ocrx_word' id='word_1_370' title='bbox 1008 4206 1175 4287; x_wconf 85' lang='lat' dir='ltr'>exactiones</span> <span class='ocrx_word' id='word_1_371' title='bbox 1198 4205 1346 4267; x_wconf 86' lang='lat' dir='ltr'>lecerunt:</span> <span class='ocrx_word' id='word_1_372' title='bbox 1382 4227 1449 4268; x_wconf 92' lang='lat' dir='ltr'>nam</span> <span class='ocrx_word' id='word_1_373' title='bbox 1471 4217 1580 4288; x_wconf 74' lang='lat' dir='ltr'>praeter</span> 
     </span>
     <span class='ocr_line' id='line_1_35' title="bbox 282 4307 1579 4389; baseline 0.001 -21"><span class='ocrx_word' id='word_1_374' title='bbox 282 4310 310 4369; x_wconf 94' lang='lat' dir='ltr'>id</span> <span class='ocrx_word' id='word_1_375' title='bbox 332 4310 411 4388; x_wconf 84' lang='lat' dir='ltr'>quod</span> <span class='ocrx_word' id='word_1_376' title='bbox 433 4310 488 4370; x_wconf 92' lang='lat' dir='ltr'>sub</span> <span class='ocrx_word' id='word_1_377' title='bbox 513 4309 663 4387; x_wconf 91' lang='lat' dir='ltr'>religionis</span> <span class='ocrx_word' id='word_1_378' title='bbox 686 4311 753 4371; x_wconf 86' lang='lat' dir='ltr'>luco</span> <span class='ocrx_word' id='word_1_379' title='bbox 775 4327 829 4387; x_wconf 88' lang='lat' dir='ltr'>per</span> <span class='ocrx_word' id='word_1_380' title='bbox 850 4308 984 4368; x_wconf 80' lang='lat' dir='ltr'>fraudem</span> <span class='ocrx_word' id='word_1_381' title='bbox 1007 4307 1207 4375; x_wconf 88' lang='lat' dir='ltr'>abstulerunt,</span> <span class='ocrx_word' id='word_1_382' title='bbox 1231 4326 1285 4386; x_wconf 91' lang='lat' dir='ltr'>pro</span> <span class='ocrx_word' id='word_1_383' title='bbox 1307 4310 1422 4386; x_wconf 90' lang='lat' dir='ltr'>gratiis,</span> <span class='ocrx_word' id='word_1_384' title='bbox 1445 4328 1500 4389; x_wconf 91' lang='lat' dir='ltr'>pro</span> <span class='ocrx_word' id='word_1_385' title='bbox 1521 4312 1579 4372; x_wconf 82' lang='lat' dir='ltr'>‹lis-</span> 
     </span>
     <span class='ocr_line' id='line_1_36' title="bbox 245 4408 1578 4489; baseline 0.003 -23"><span class='ocrx_word' id='word_1_386' title='bbox 245 4411 517 4489; x_wconf 79' lang='lat' dir='ltr'>sspensationibuS,</span> <span class='ocrx_word' id='word_1_387' title='bbox 547 4429 603 4489; x_wconf 91' lang='lat' dir='ltr'>pro</span> <span class='ocrx_word' id='word_1_388' title='bbox 625 4410 870 4479; x_wconf 79' lang='lat' dir='ltr'>relevationibus,</span> <span class='ocrx_word' id='word_1_389' title='bbox 893 4427 948 4487; x_wconf 92' lang='lat' dir='ltr'>pro</span> <span class='ocrx_word' id='word_1_390' title='bbox 967 4408 1246 4477; x_wconf 88' lang='lat' dir='ltr'>condonationibus,</span> <span class='ocrx_word' id='word_1_391' title='bbox 1274 4429 1330 4488; x_wconf 89' lang='lat' dir='ltr'>pro</span> <span class='ocrx_word' id='word_1_392' title='bbox 1346 4410 1578 4471; x_wconf 90' lang='lat' dir='ltr'>absolutionibus</span> 
     </span>
     <span class='ocr_line' id='line_1_37' title="bbox 282 4507 1644 4591; baseline -0.001 -19"><span class='ocrx_word' id='word_1_393' title='bbox 282 4519 311 4572; x_wconf 88' lang='lat' dir='ltr'>et</span> <span class='ocrx_word' id='word_1_394' title='bbox 334 4513 362 4574; x_wconf 91' lang='lat' dir='ltr'>id</span> <span class='ocrx_word' id='word_1_395' title='bbox 384 4507 480 4588; x_wconf 82' lang='lat' dir='ltr'>genus</span> <span class='ocrx_word' id='word_1_396' title='bbox 503 4515 589 4589; x_wconf 85' lang='lat' dir='ltr'>nugis</span> <span class='ocrx_word' id='word_1_397' title='bbox 612 4515 768 4591; x_wconf 91' lang='lat' dir='ltr'>pecuniam</span> <span class='ocrx_word' id='word_1_398' title='bbox 795 4510 987 4587; x_wconf 88' lang='lat' dir='ltr'>emulgendo,</span> <span class='ocrx_word' id='word_1_399' title='bbox 1022 4529 1117 4589; x_wconf 89' lang='lat' dir='ltr'>nuper</span> <span class='ocrx_word' id='word_1_400' title='bbox 1141 4511 1167 4570; x_wconf 93' lang='lat' dir='ltr'>vi</span> <span class='ocrx_word' id='word_1_401' title='bbox 1196 4512 1283 4570; x_wconf 88' lang='lat' dir='ltr'>etiam</span> <span class='ocrx_word' id='word_1_402' title='bbox 1307 4518 1335 4570; x_wconf 87' lang='lat' dir='ltr'>et</span> <span class='ocrx_word' id='word_1_403' title='bbox 1360 4510 1493 4571; x_wconf 87' lang='lat' dir='ltr'>violentia</span> <span class='ocrx_word' id='word_1_404' title='bbox 1517 4521 1644 4571; x_wconf 66' lang='lat' dir='ltr'>cue-§.re</span> 
     </span>
     <span class='ocr_line' id='line_1_38' title="bbox 280 4611 1577 4693; baseline -0.002 -19"><span class='ocrx_word' id='word_1_405' title='bbox 280 4621 389 4691; x_wconf 86' lang='lat' dir='ltr'>perunt</span> <span class='ocrx_word' id='word_1_406' title='bbox 412 4616 590 4675; x_wconf 87' lang='lat' dir='ltr'>contendere</span> <span class='ocrx_word' id='word_1_407' title='bbox 613 4614 770 4693; x_wconf 89' lang='lat' dir='ltr'>pecuniam</span> <span class='ocrx_word' id='word_1_408' title='bbox 792 4614 847 4674; x_wconf 92' lang='lat' dir='ltr'>sibi</span> <span class='ocrx_word' id='word_1_409' title='bbox 875 4611 977 4672; x_wconf 88' lang='lat' dir='ltr'>deberi</span> <span class='ocrx_word' id='word_1_410' title='bbox 1002 4630 1057 4690; x_wconf 89' lang='lat' dir='ltr'>pro</span> <span class='ocrx_word' id='word_1_411' title='bbox 1080 4612 1174 4690; x_wconf 90' lang='lat' dir='ltr'>palliis</span> <span class='ocrx_word' id='word_1_412' title='bbox 1197 4611 1426 4691; x_wconf 88' lang='lat' dir='ltr'>episcopalibus,</span> <span class='ocrx_word' id='word_1_413' title='bbox 1453 4631 1577 4691; x_wconf 88' lang='lat' dir='ltr'>eamque</span> 
     </span>
    </p>
   </div>
   <div class='ocr_carea' id='block_1_3' title="bbox 277 4845 1593 5173">
    <p class='ocr_par' dir='ltr' id='par_1_3' title="bbox 277 4845 1593 5173">
     <span class='ocr_line' id='line_1_39' title="bbox 346 4845 1593 4916; baseline -0.002 -15"><span class='ocrx_word' id='word_1_414' title='bbox 346 4851 469 4902; x_wconf 76' lang='lat' dir='ltr'>&#39;omnes</span> <span class='ocrx_word' id='word_1_415' title='bbox 489 4853 626 4903; x_wconf 66' lang='lat' dir='ltr'>cheae</span> <span class='ocrx_word' id='word_1_416' title='bbox 697 4850 719 4884; x_wconf 88' lang='lat'>¹⁰</span> <span class='ocrx_word' id='word_1_417' title='bbox 742 4848 779 4916; x_wconf 86' lang='lat' dir='ltr'>et]</span> <span class='ocrx_word' id='word_1_418' title='bbox 799 4852 916 4899; x_wconf 55' lang='grc' dir='ltr'>ΜΛ.</span> <span class='ocrx_word' id='word_1_419' title='bbox 987 4845 1008 4878; x_wconf 87' lang='lat'>¹³</span> <span class='ocrx_word' id='word_1_420' title='bbox 1026 4845 1084 4912; x_wconf 86' lang='lat' dir='ltr'>scd]</span> <span class='ocrx_word' id='word_1_421' title='bbox 1110 4849 1225 4898; x_wconf 72' lang='lat' dir='ltr'>ct2...t.</span> <span class='ocrx_word' id='word_1_422' title='bbox 1296 4846 1318 4879; x_wconf 86' lang='lat'>¹⁷</span> <span class='ocrx_word' id='word_1_423' title='bbox 1336 4847 1490 4898; x_wconf 84' lang='lat' dir='ltr'>Salomonis</span> <span class='ocrx_word' id='word_1_424' title='bbox 1502 4851 1593 4901; x_wconf 60' lang='lat' dir='ltr'><em>2...ss</em></span> 
     </span>
     <span class='ocr_line' id='line_1_40' title="bbox 277 4929 1576 5002; baseline -0.001 -16"><span class='ocrx_word' id='word_1_425' title='bbox 277 4937 497 5002; x_wconf 77' lang='lat' dir='ltr'>profanas2...d.</span> <span class='ocrx_word' id='word_1_426' title='bbox 535 4936 696 4988; x_wconf 76' lang='lat' dir='ltr'>¹⁸eis2...4.</span> <span class='ocrx_word' id='word_1_427' title='bbox 732 4932 1050 5001; x_wconf 56' lang='lat' dir='ltr'>”patrisfamiliam</span> <span class='ocrx_word' id='word_1_428' title='bbox 1097 4929 1311 4982; x_wconf 72' lang='lat' dir='ltr'>’&#39;EzecielieA.</span> <span class='ocrx_word' id='word_1_429' title='bbox 1357 4930 1576 4986; x_wconf 68' lang='lat' dir='ltr'>¹’communien-</span> 
     </span>
     <span class='ocr_line' id='line_1_41' title="bbox 277 5013 1575 5087; baseline -0.001 -17"><span class='ocrx_word' id='word_1_430' title='bbox 277 5027 323 5070; x_wconf 79' lang='lat' dir='ltr'>tus</span> <span class='ocrx_word' id='word_1_431' title='bbox 337 5025 395 5073; x_wconf 70' lang='grc' dir='ltr'>Μ.</span> <span class='ocrx_word' id='word_1_432' title='bbox 447 5024 501 5072; x_wconf 90' lang='lat' dir='ltr'>Pro</span> <span class='ocrx_word' id='word_1_433' title='bbox 520 5040 553 5073; x_wconf 84' lang='lat' dir='ltr'>eo</span> <span class='ocrx_word' id='word_1_434' title='bbox 609 5018 713 5087; x_wconf 81' lang='lat' dir='ltr'>escam]</span> <span class='ocrx_word' id='word_1_435' title='bbox 734 5020 837 5070; x_wconf 75' lang='lat' dir='ltr'>Erech.</span> <span class='ocrx_word' id='word_1_436' title='bbox 850 5018 992 5068; x_wconf 82' lang='lat' dir='ltr'>xxxnll.</span> <span class='ocrx_word' id='word_1_437' title='bbox 1006 5013 1095 5066; x_wconf 85' lang='lat'>8...10.</span> <span class='ocrx_word' id='word_1_438' title='bbox 1148 5015 1171 5048; x_wconf 68' lang='lat'>²⁵</span> <span class='ocrx_word' id='word_1_439' title='bbox 1188 5015 1325 5083; x_wconf 83' lang='lat' dir='ltr'>pastores]</span> <span class='ocrx_word' id='word_1_440' title='bbox 1345 5019 1399 5068; x_wconf 89' lang='lat' dir='ltr'>moi</span> <span class='ocrx_word' id='word_1_441' title='bbox 1418 5021 1478 5069; x_wconf 85' lang='lat' dir='ltr'>add.</span> <span class='ocrx_word' id='word_1_442' title='bbox 1491 5019 1575 5070; x_wconf 73' lang='lat' dir='ltr'>beotia.</span> 
     </span>
     <span class='ocr_line' id='line_1_42' title="bbox 277 5100 1576 5173; baseline -0.001 -15"><span class='ocrx_word' id='word_1_443' title='bbox 277 5105 300 5138; x_wconf 70' lang='lat'>²7</span> <span class='ocrx_word' id='word_1_444' title='bbox 319 5105 432 5173; x_wconf 80' lang='lat' dir='ltr'>faciem]</span> <span class='ocrx_word' id='word_1_445' title='bbox 452 5123 499 5158; x_wconf 89' lang='lat' dir='ltr'>eos</span> <span class='ocrx_word' id='word_1_446' title='bbox 517 5110 578 5158; x_wconf 82' lang='lat' dir='ltr'>add.</span> <span class='ocrx_word' id='word_1_447' title='bbox 592 5108 650 5158; x_wconf 80' lang='lat' dir='ltr'>bibl.</span> <span class='ocrx_word' id='word_1_448' title='bbox 703 5104 725 5137; x_wconf 78' lang='lat'>³¹</span> <span class='ocrx_word' id='word_1_449' title='bbox 743 5105 837 5158; x_wconf 80' lang='lat' dir='ltr'>oblato</span> <span class='ocrx_word' id='word_1_450' title='bbox 856 5100 1074 5169; x_wconf 79' lang='lat' dir='ltr'>(proablato2.)</span> <span class='ocrx_word' id='word_1_451' title='bbox 1093 5103 1199 5153; x_wconf 81' lang='lat' dir='ltr'>ridicule</span> <span class='ocrx_word' id='word_1_452' title='bbox 1213 5103 1272 5152; x_wconf 66' lang='grc' dir='ltr'>Μ.</span> <span class='ocrx_word' id='word_1_453' title='bbox 1324 5101 1346 5134; x_wconf 80' lang='lat'>³³</span> <span class='ocrx_word' id='word_1_454' title='bbox 1365 5104 1576 5169; x_wconf 69' lang='lat' dir='ltr'>quotidie2...d.</span> 
     </span>
    </p>
   </div>
   <div class='ocr_carea' id='block_1_4' title="bbox 0 0 2038 6209">
    <p class='ocr_par' dir='ltr' id='par_1_4' title="bbox 0 0 2038 6209">
     <span class='ocr_line' id='line_1_43' title="bbox 0 0 2038 6209; baseline 0 7"><span class='ocrx_word' id='word_1_455' title='bbox 0 0 2038 6209; x_wconf 95' lang='lat' dir='ltr'> </span> 
     </span>
    </p>
   </div>
  </div>
 </body>
</html>
