4067 6209
418 739 489 810 102
636 751 735 801 XXXI.
755 765 877 800 nvncaru
892 763 929 799 nn
942 762 1075 799 unlauvu
1088 762 1150 797 nor.
1165 762 1254 797 cerer.
1269 762 1295 795 n.
1308 755 1342 795 tt.
1357 761 1418 796 ocr.
1433 753 1491 793 tuto.

434 1090 601 1127 nomm.
989 1051 1135 1126 XXXI·
1230 1120 1232 1125 ,
1520 1077 1553 1117 24.
1566 1084 1627 1120 OCT.
1639 1077 1699 1117 1515.

877 1273 1034 1335 VLRlCVS
1056 1272 1255 1334 HVTTENVS

791 1397 977 1456 unasub
1011 1395 1339 1455 ROTERODAMO

982 1515 1142 1556 snuvrau.

362 1685 410 1736 nv.
507 1667 616 1729 Omnes
637 1666 708 1728 mibi
731 1666 803 1727 deos
825 1666 911 1727 irasci
932 1672 1021 1744 puto,
1045 1683 1171 1743 qnorum
1194 1664 1342 1727 voluntate
1362 1664 1407 1735 lit,
1430 1666 1588 1753 quominus
1602 1667 1657 1725 sim
1673 1673 1739 1726 tes

419 1789 487 1833 cum
509 1768 620 1848 aliquot
641 1787 750 1839 annos,
774 1769 883 1847 quique
904 1786 952 1829 me
974 1787 990 1827 a
1012 1775 1064 1829 tuo
1086 1767 1178 1829 latere
1201 1766 1341 1837 avellunt,
1365 1768 1427 1838 cui,
1451 1769 1475 1827 si
1497 1785 1551 1845 per
1567 1769 1715 1829 fortunam

418 1872 561 1940 licuisset,
595 1870 726 1931 tenacius
752 1869 940 1931 adbaesissem
972 1889 1061 1949 quam
1089 1867 1137 1929 ille
1165 1868 1330 1930 Alcibiades
1358 1868 1487 1928 Socrati:
1516 1888 1608 1948 quare
1637 1871 1715 1930 enim

418 1992 478 2035 non
505 1972 685 2034 Germanum
716 1971 869 2032 Socratem
897 1970 1051 2050 appellabo
1079 1978 1124 2041 te,
1159 1970 1297 2041 Erasme‚
1326 1973 1365 2031 ita
1393 1970 1430 2030 de
1458 1970 1543 2031 nobis
1573 1978 1714 2049 qivantum

363 2088 408 2138 Μ.
420 2074 457 2136 ad
484 2073 596 2135 litteras
624 2074 778 2144 meritum,
808 2080 841 2134 ut
870 2073 908 2134 de
937 2075 997 2134 suis
1018 2071 1067 2134 ille
1089 2072 1219 2134 Graecis?
1247 2072 1311 2134 Non
1334 2073 1446 2133 issum
1469 2092 1524 2150 egit
1548 2073 1636 2144 lorte,
1666 2076 1715 2152 qui

420 2177 539 2238 omnino
554 2176 663 2254 possim
678 2175 795 2255 placere
810 2175 878 2245 tibi,
894 2177 942 2237 cui
956 2193 1043 2254 posse
1057 2174 1175 2254 placere
1189 2174 1323 2253 quaedam
1343 2174 1502 2235 admodum
1517 2173 1637 2235 felicitas
1653 2184 1711 2245 est:
1726 2193 1750 2233 ro

419 2286 450 2340 at
471 2296 530 2338 non
552 2278 689 2356 indignus
711 2277 832 2338 fuissem
854 2277 904 2357 qui
926 2277 962 2338 ad
984 2284 1052 2338 tuos
1073 2277 1165 2355 pedes
1187 2275 1354 2337 didicissem
1376 2276 1493 2337 vacas
1515 2275 1639 2346 litteras,
1666 2279 1716 2357 qui

419 2387 449 2441 tc
470 2386 597 2441 sectatus
620 2397 715 2440 essem
737 2379 881 2449 studiose,
905 2379 1127 2440 custodivissem
1148 2377 1378 2457 vigilantissime,
1405 2377 1606 2439 observassent
1634 2399 1716 2441 veve-

419 2489 535 2551 renter,
569 2482 666 2541 omnia
688 2488 737 2541 tua
759 2481 836 2540 iussa
860 2488 1015 2541 exsecutus
1038 2498 1149 2550 essem,
1184 2480 1220 2540 ad
1247 2498 1365 2541 omnem
1392 2487 1496 2541 nutum
1524 2482 1715 2543 exsiluissem.

420 2584 522 2663 Neque
544 2582 596 2644 tibi
618 2584 721 2643 luisset
742 2582 929 2653 indecorum,
959 2583 983 2641 si
1006 2581 1058 2642 tibi
1085 2584 1157 2642 mira
1187 2581 1357 2651 sedulitate,
1385 2581 1550 2643 incredibili
1577 2584 1634 2644 fido
1662 2585 1716 2643 mi-

419 2685 591 2746 nistrassem
606 2684 704 2763 Eques
725 2683 899 2746 Germanus.
944 2683 1008 2744 Hoc
1030 2682 1238 2761 protulissem,
1261 2683 1397 2754 Erasme,
1420 2702 1479 2744 non
1502 2685 1592 2745 modo
1614 2685 1750 2748 aulicaers

422 2785 640 2855 consuetudini,
663 2785 699 2845 ad
723 2804 811 2864 quani
832 2803 922 2847 vocor
944 2803 1051 2865 magna
1073 2804 1137 2846 mea
1160 2786 1308 2855 molestia:
1330 2787 1382 2846 sed
1407 2793 1436 2847 et
1454 2787 1538 2855 buic,
1561 2788 1600 2847 ita
1615 2805 1663 2848 me
1678 2787 1718 2848 dii

365 2908 409 2958 §.a
421 2897 533 2959 ament,
556 2887 784 2967 peregrinationi
807 2887 921 2949 ltalicar.
967 2888 1004 2948 Et
1024 2894 1058 2949 ut
1079 2886 1208 2948 breviter
1229 2889 1305 2948 scias
1327 2888 1396 2968 quid
1424 2888 1496 2949 mibi
1524 2907 1621 2966 nuper
1647 2908 1717 2967 pro«

420 2992 587 3071 posuerim,
622 2991 830 3051 constitueram
853 2990 896 3050 iro
919 2989 956 3051 ad
978 2997 1022 3060 te,
1056 2997 1230 3051 assecutus
1252 2991 1328 3052 lorte
1357 2992 1387 3050 in
1415 2990 1594 3051 Britanniam
1622 3010 1717 3071 usque
1753 2991 1757 2998 ’

420 3093 555 3163 fuissem
571 3092 651 3172 quod
662 3110 762 3154 meum
773 3091 900 3153 salutare
912 3091 1066 3153 consilinm
1081 3093 1244 3153 intervertit
1257 3094 1424 3170 importuna
1440 3112 1574 3154 nreorum
1589 3092 1716 3154 liberali-

365 3209 373 3218 ’
420 3201 477 3257 tas:
500 3194 705 3256 liberalitatem
727 3195 805 3256 euim
826 3201 932 3255 vocant
953 3193 1032 3273 quod
1055 3177 1201 3254 discendis
1223 3194 1337 3273 legibus
1358 3201 1507 3272 sumptum
1523 3194 1751 3274 elargiuntur,n

364 3304 509 3377 §.eatque
531 3296 569 3358 ob
592 3296 621 3358 id
643 3315 721 3357 nunc
742 3295 867 3357 Romam
889 3296 999 3356 mittor.
1049 3296 1118 3356 llaec
1147 3314 1182 3356 ex
1210 3296 1315 3358 itinere
1342 3296 1441 3357 scribo
1469 3296 1504 3356 ad
1533 3303 1563 3357 te
1591 3299 1717 3359 circum·

420 3397 619 3477 strepentibus
640 3396 740 3459 multis
762 3399 897 3457 convivis.
942 3397 1035 3458 Parce
1058 3396 1315 3475 extemporalitati;
1345 3416 1405 3458 non
1428 3398 1544 3460 dabitur
1567 3400 1717 3461 revidendi

421 3500 513 3580 copia.
558 3498 667 3561 lnvitus
690 3518 725 3560 eo
747 3499 798 3560 ubi
820 3506 849 3559 te
871 3516 930 3559 non
953 3497 1022 3559 licet
1049 3498 1148 3560 videre
1175 3505 1264 3578 teque
1293 3501 1363 3580 lrui,
1406 3499 1461 3570 Qui
1489 3502 1610 3561 comites
1638 3511 1716 3573 sunt,

420 3602 462 3665 eis
483 3602 657 3682 persuaderi
678 3618 737 3661 non
760 3602 870 3679 potuit,
898 3607 931 3662 ut
953 3599 1067 3661 basilea
1088 3602 1144 3662 iter
1172 3602 1346 3662 laceremus.
1381 3602 1456 3663 -Non
1485 3604 1607 3673 mirum,
1637 3606 1717 3682 quod

382 3773 385 3781 ¹
420 3722 481 3765 non
508 3722 611 3765 omnes
637 3710 801 3783 agnoscunt
825 3711 906 3765 tuam
934 3704 1122 3764 divinitatem.
1179 3702 1294 3764 Utinam
1323 3704 1496 3781 persuaderi
1523 3712 1623 3783 posset
1652 3706 1750 3775 tibiis

278 3879 296 3891 ,
363 3832 409 3883 μ,
421 3807 523 3887 quanti
543 3813 573 3867 te
596 3807 708 3868 faciam.
758 3804 876 3866 Videbis
904 3805 1013 3866 editum
1043 3822 1059 3865 a
1086 3822 1134 3866 me
1162 3804 1330 3875 Neminem,
1360 3823 1480 3866 carmen
1509 3824 1568 3865 uon
1596 3807 1717 3867 omniuo

420 3907 669 3992 contemnendum
690 3907 783 3978 forte,
811 3909 842 3967 in
865 3907 949 3967 cuius
970 3907 1142 3985 praeiatione
1164 3908 1220 3977 tui,
1248 3914 1282 3968 ut
1304 3907 1416 3977 decuit,
1449 3909 1568 3968 memini
1596 3908 1717 3970 honori·

363 4009 485 4071 §.elice
529 4008 622 4069 Totus
644 4027 661 4069 a
683 4016 813 4069 tremore
835 4008 982 4079 convalui,
1006 4009 1075 4068 item
1100 4026 1134 4068 ex
1156 4008 1262 4068 morbo
1277 4009 1375 4087 pedis;
1398 4010 1422 4069 si
1437 4010 1535 4070 venies
1550 4010 1579 4069 in
1594 4009 1716 4081 ltaliam,

419 4108 491 4170 nibil
513 4110 711 4171 remorabitur
734 4116 852 4170 euntem
875 4109 911 4169 ad
925 4117 955 4170 te
978 4095 1085 4169 ex’illo
1106 4107 1191 4188 legali
1207 4128 1342 4179 carcere,
1366 4128 1424 4190 quo
1440 4130 1487 4172 me
1502 4110 1633 4189 relegant
1648 4114 1716 4173 mei.

364 4211 597 4277 §.v.Exorassem
618 4218 652 4273 ut
673 4230 721 4272 me
743 4210 966 4271 commendares
988 4210 1073 4271 alicui
1096 4210 1212 4282 Romae,
1242 4213 1267 4272 si
1295 4213 1438 4274 venisseut
1467 4212 1625 4295 Basilcam;
1654 4231 1751 4274 nonan

420 4331 559 4393 negasses
581 4312 638 4373 boc
660 4310 881 4382 beneficiolum,
905 4330 970 4392 qua
992 4318 1041 4371 tua
1065 4319 1109 4370 est
1130 4312 1312 4383 humanitas;
1333 4314 1438 4393 quodsi
1460 4322 1556 4384 vacat,
1584 4315 1718 4376 scribens

419 4415 543 4478 Romam
566 4414 785 4478 commendabis
807 4432 854 4475 me
876 4412 963 4474 alicui
992 4430 1028 4473 ex
1056 4411 1205 4482 litteratis,
1237 4416 1283 4475 cui
1312 4434 1371 4475 non
1399 4415 1494 4478 mulos
1522 4416 1640 4477 scabam
1668 4423 1719 4476 aut

985 4565 1155 4577 ——

418 4637 518 4689 XXXI.
562 4636 620 4687 l=
631 4636 741 4686 Erasini
753 4635 823 4701 Epp.
838 4632 911 4686 1706.
931 4631 1030 4699 (Indis.
1037 4632 1107 4684 bibl.
1118 4634 1156 4684 11⁰.
1163 4633 1240 4700 53,5.)
1263 4636 1388 4702 Append.
1396 4651 1510 4687 cxxxvi.
1523 4636 1585 4688 coll.
1596 4636 1669 4688 1573.
1676 4653 1716 4703 sq.

421 4719 511 4787 [Unde
529 4722 603 4773 hanc
623 4719 770 4786 epistolem
788 4719 913 4771 Clericus
932 4720 1078 4785 acceperit
1095 4734 1150 4770 non
1168 4719 1310 4787 comperi]
1390 4721 1627 4788 2=Wagenseil
1645 4721 1716 4787 (Iud.

583 4805 653 4856 bibl.
666 4804 766 4867 novt.)
779 4804 817 4855 11⁰.
825 4821 864 4855 rx.
875 4822 901 4871 p.
910 4802 1000 4869 88.sq.
1071 4802 1087 4854 3
1098 4822 1133 4847 =
1145 4805 1225 4854 Hutt.
1238 4805 1348 4855 Miinch.
1362 4806 1399 4856 11.
1413 4823 1439 4870 p.
1446 4805 1504 4855 297.
1513 4821 1553 4871 sq.

430 5033 434 5040 .
486 4993 528 5026 2⁸
553 4994 683 5045 Vlrichus
701 4993 735 5043 de
759 4993 866 5043 Hutten
890 4992 926 5043 sd
943 4994 1095 5043 Erasmum.
1116 4996 1141 5042 2.
1151 4995 1176 5043 3.
1246 4989 1339 5041 ⁵sine
1363 4981 1454 5043 tecum
1473 4996 1499 5042 2.
1510 4996 1534 5042 3.
1598 4990 1620 5024 ²⁴
1638 4993 1717 5043 Basi-

419 5077 494 5129 leam
510 5082 600 5131 malim
662 5076 685 5110 ¹⁵
706 5093 820 5129 nonem.
834 5080 895 5129 2.3.
963 5076 1025 5111 Μ
1044 5079 1156 5130 memini
1173 5075 1333 5143 honorifice]
1352 5076 1388 5127 cf.
1402 5078 1673 5140 infran⁰.um1111..
