4067 6209
419 791 489 847 CVI.
509 806 655 846 curreres
669 806 782 845 craesus
796 804 938 844 asnensis
953 804 975 844 e.
1005 803 1118 845 emeca.
1132 804 1253 844 nxnoer.
1267 806 1293 844 c.
1306 804 1386 845 nvnc.
1407 797 1466 844 1519.
1518 772 1586 850 2<ss

294 969 438 1045 ‘bergustae
461 965 515 1026 luit
536 972 635 1026 aestate
657 964 803 1042 superiori
830 963 996 1043 principum
1025 981 1060 1024 ac
1087 962 1187 1042 populi
1214 950 1352 1025 Germani
1380 965 1512 1034 comitio,
1542 963 1595 1025 sed

301 1076 330 1128 et
352 1069 469 1144 scriptis
492 1065 621 1127 habitam
644 1066 734 1126 edere
756 1066 976 1143 proposuissem
999 1084 1035 1125 eo
1058 1066 1251 1126 confidentius
1273 1066 1351 1144 quod
1379 1066 1518 1143 putabam
1545 1085 1594 1126 me

301 1178 417 1248 gratum
440 1169 497 1228 hoc
519 1169 673 1228 Germanis
695 1165 832 1227 omnibus
854 1168 964 1236 lacere,
996 1173 1030 1228 ut
1051 1168 1101 1246 qui
1123 1168 1152 1226 in
1175 1185 1331 1227 commune
1359 1166 1542 1228 consulerem
1566 1175 1594 1228 et

301 1288 364 1330 rem
387 1271 505 1330 interim
527 1268 608 1329 nullo
630 1268 748 1346 quidem
771 1286 843 1327 seno
866 1266 1002 1337 consilio,
1032 1287 1134 1329 rerum
1156 1275 1207 1328 aut
1228 1267 1433 1328 imbecillitatis
1455 1270 1522 1329 uitio
1545 1277 1595 1329 aut

278 1371 438 1433 sedulandi
460 1370 556 1432 studio
579 1370 721 1430 hactenus
743 1370 877 1430 critatem
899 1370 1012 1447 primus
1035 1376 1064 1429 et
1085 1369 1264 1447 aggrederer
1286 1376 1315 1430 et
1336 1387 1527 1449 usurparem,
1551 1371 1594 1430 id-

300 1492 357 1552 que
380 1481 409 1534 et
431 1480 598 1551 opportuno
619 1478 754 1549 tempore
777 1478 806 1529 et
827 1470 904 1530 bona
926 1478 959 1530 ut
981 1489 1111 1549 uuquam
1133 1472 1288 1531 occasione
1309 1472 1373 1532 lieri
1395 1479 1465 1532 tunc
1485 1480 1593 1549 posset,

299 1579 489 1634 accesserunt
510 1591 558 1633 me
580 1591 615 1633 ex
638 1572 738 1631 amicis
761 1571 897 1649 quidam,
927 1569 1044 1656 solliciti
1065 1571 1105 1631 illi
1128 1572 1165 1631 de
1186 1571 1279 1633 salute
1306 1573 1532 1650 prolectomea
1556 1581 1593 1642 et,

301 1684 333 1735 ut
353 1674 437 1735 mxdti
460 1674 603 1752 putabant
625 1691 689 1733 esse
711 1681 862 1750 tempora,
891 1672 970 1733 utilia
993 1673 1167 1742 suadentes,
1192 1674 1245 1752 qui
1266 1673 1455 1734 vehementer
1478 1674 1514 1733 ab
1538 1675 1595 1735 boc

299 1779 431 1837 instituto
454 1774 655 1842 deterrebant,
689 1775 753 1834 lore
775 1782 925 1852 putantes,
958 1783 992 1835 ut
1020 1776 1088 1854 quia
1116 1776 1215 1835 insunt
1237 1776 1370 1853 quedem
1394 1776 1517 1834 orationi
1540 1776 1595 1852 ipsi

266 1896 290 1936 ro
300 1879 329 1936 in
351 1885 459 1938 statum
478 1877 644 1937 Romanum
667 1874 804 1936 liberiore
827 1895 915 1954 quam
937 1873 1033 1936 malus
1054 1875 1158 1954 aliquis
1180 1877 1310 1954 pontifex
1332 1878 1412 1937 serre
1433 1877 1537 1954 possit,
1560 1884 1593 1936 ut

235 1972 237 1976 ’
299 1979 371 2039 mibi
394 1978 557 2055 periculum
579 1977 647 2038 inde
670 1985 720 2037 aut
742 1983 855 2037 eertum
878 1978 964 2037 etiam
985 1976 1096 2037 malurn
1119 1978 1279 2054 proueniat.
1323 1978 1426 2047 Parui,
1457 1985 1490 2037 ut
1510 1987 1648 2047 tunett.

300 2078 417 2140 illorum
446 2079 651 2147 admonitiorn',
685 2077 824 2155 precibus
857 2078 943 2138 etiam
977 2078 1231 2149 contendentium,
1269 2080 1378 2157 quique
1411 2088 1474 2139 eret
1507 2080 1596 2139 animi

299 2181 437 2241 ardorem
466 2182 586 2241 restinxi
613 2199 648 2240 ac
674 2198 723 2240 me
744 2181 808 2257 ipse
831 2180 970 2241 continui
1016 2178 1101 2249 Quod
1117 2187 1149 2240 ut
1163 2198 1241 2257 aegre
1264 2180 1334 2248 leci,
1357 2181 1396 2239 ita
1419 2180 1497 2240 baud
1518 2178 1594 2240 mul-

299 2288 363 2342 tum
385 2283 436 2342 diu
458 2282 555 2343 lacere
577 2281 669 2359 potui.
714 2288 747 2341 ut
775 2282 904 2359 cogitare
931 2281 1008 2340 enim
1038 2282 1113 2358 ccepi
1136 2287 1245 2359 quanto
1268 2281 1419 2342 honestius
1443 2283 1481 2341 sit
1503 2300 1594 2360 quan·

266 2392 483 2462 ratumcunqne
505 2402 636 2461 praesens
659 2382 737 2442 ultro
760 2383 841 2443 adire
863 2382 1035 2450 discrimen,
1064 2388 1097 2441 ut
1121 2383 1224 2459 patriae
1254 2384 1363 2460 prosis,
1393 2401 1481 2461 quam
1509 2382 1594 2443 saluti

299 2487 426 2563 propria·
449 2483 620 2553 consulere,
654 2483 724 2544 (lum
751 2484 828 2544 banc
855 2482 974 2562 publico
1003 2483 1159 2543 commodo
1188 2490 1217 2543 et
1238 2485 1365 2543 maximo
1387 2485 1416 2544 in
1439 2503 1472 2544 re
1494 2503 1595 2544 noces-

299 2588 375 2647 saria
398 2587 566 2647 adiumento
598 2586 732 2654 fraudes,
766 2584 887 2644 excitari
911 2585 975 2662 ipse
1002 2602 1051 2643 me
1078 2601 1124 2645 ac·
1140 2585 1324 2654 confirmavi,
1358 2585 1404 2644 his
1431 2586 1594 2664 presertim

300 2686 443 2748 consiliis:
477 2690 606 2767 primum
634 2687 761 2765 namque
789 2686 825 2746 ad
848 2683 1012 2764 periculum
1035 2685 1114 2764 quod
1146 2685 1324 2763 pertinebat,
1359 2686 1543 2747 confidebam
1566 2687 1595 2747 id
1608 2695 1654 2746 et·

299 2787 386 2866 plane
407 2788 522 2850 nullum
545 2807 625 2858 esse,
659 2806 726 2848 eum
755 2787 833 2866 quod
862 2805 896 2848 ea
925 2788 998 2848 iusta
1028 2795 1073 2848 est
1101 2794 1131 2848 et
1152 2788 1316 2848 necessaria
1345 2807 1380 2848 ac
1401 2790 1521 2849 minime
1543 2808 1594 2867 pe·

263 2889 396 2953 rotulans
418 2890 564 2950 censenda
587 2907 644 2968 qua
666 2888 707 2948 ibi
728 2897 796 2949 utor
817 2888 951 2959 bbertas,
974 2897 1038 2949 tum
1060 2890 1140 2966 quod
1163 2891 1272 2967 optima
1294 2889 1364 2949 mibi
1387 2896 1415 2950 et
1430 2891 1594 2970 nequissime

298 3009 417 3069 semper
439 2993 537 3052 omnia
564 2990 722 3052 debeone
743 2990 778 3049 X.
801 2991 944 3068 persuasi.
988 3008 1076 3069 quem
1104 2997 1218 3051 tantum
1247 2989 1330 3050 abest
1357 2998 1390 3050 ut
1417 2991 1447 3050 in
1476 2991 1531 3053 hac
1560 3005 1648 3056 retr.

298 3101 444 3163 metuam,
474 3101 506 3153 ut
534 3095 621 3152 etiam
648 3092 797 3153 Laurentii
818 3090 906 3152 Valle
933 3090 1074 3151 adversus
1102 3094 1270 3169 ementitam
1293 3090 1473 3152 Constantini
1504 3094 1594 3153 dona·

299 3196 408 3255 tionem
431 3194 562 3255 libellum
585 3196 614 3254 in
637 3193 733 3254 lucem
757 3195 878 3263 iterum,
907 3194 1078 3271 praelatione
1106 3193 1143 3253 ad
1171 3193 1267 3270 ipsum
1290 3194 1365 3252 lacta
1389 3193 1478 3253 edere
1500 3212 1596 3271 nuper

298 3315 388 3356 ausus
410 3298 479 3365 sim,
514 3314 581 3356 cum
604 3294 675 3355 nibil
697 3302 811 3355 tantum
833 3312 898 3354 esse
921 3295 1033 3355 rideam
1060 3293 1085 3352 si
1113 3294 1169 3354 boc
1198 3294 1312 3363 lacero,
1347 3312 1401 3354 cur
1428 3295 1500 3355 mibi
1528 3313 1594 3355 suc-

263 3424 290 3462 ιι
300 3404 418 3458 censeat
445 3398 541 3457 bonus
568 3397 716 3465 Pontifex,
750 3396 805 3456 sub
833 3415 892 3476 quo
919 3394 965 3455 rel
992 3394 1030 3455 ob
1057 3395 1087 3454 id
1115 3395 1242 3456 maxime
1269 3393 1395 3455 liberum
1425 3412 1489 3455 esse
1517 3394 1594 3465 licet,

299 3499 379 3577 quod
411 3498 465 3558 sibi
494 3500 556 3577 ipse
585 3499 643 3559 boc
671 3517 726 3576 per
748 3497 859 3557 ltaliam
889 3498 961 3575 erigi
989 3514 1093 3573 passus
1124 3503 1167 3556 est
1194 3494 1315 3574 plenum
1337 3515 1414 3557 verae
1436 3515 1471 3556 ac
1493 3495 1594 3556 sobdae

299 3599 393 3660 laudis
408 3600 572 3677 trophaeum
595 3619 694 3661 eeonx
716 3618 841 3660 necruo
864 3617 1116 3660 nesrnvneronr
1138 3616 1241 3659 encas.
1272 3596 1396 3667 Quando
1412 3598 1502 3659 tutior
1517 3599 1594 3658 enim
1608 3605 1654 3656 tt.

299 3720 334 3761 ao
356 3703 417 3762 vira
440 3702 532 3779 magis
554 3700 673 3763 libertas
696 3719 784 3779 quam
807 3718 874 3759 cum
897 3718 954 3760 una
977 3699 1114 3761 omnibus
1136 3717 1192 3777 pax
1215 3698 1278 3758 est?
1301 3706 1330 3757 at
1351 3697 1400 3759 ille
1415 3717 1459 3763 ¹en
1481 3698 1595 3759 bellicis

287 3802 362 3862 lolii
385 3804 512 3863 Secundi
539 3801 711 3864 tumultibus
739 3820 842 3882 pacem
868 3801 991 3870 invexit;
1021 3808 1101 3862 certe
1129 3803 1218 3880 igitur
1252 3808 1281 3862 et
1309 3808 1472 3862 emortuam
1499 3819 1596 3879 nuper

263 3906 493 3981 aopessimorum
527 3903 639 3965 scelere
672 3904 843 3982 pontillcnm
872 3901 1037 3964 libertatem
1065 3903 1218 3981 produxit:
1251 3903 1401 3981 quomodo
1433 3905 1511 3964 enim
1545 3910 1596 3964 aut

300 4006 397 4065 dirimi
421 4006 473 4064 ista
496 4023 530 4065 ac
552 4007 666 4084 seiungi
687 4012 820 4083 possent,
844 4012 894 4065 aut
909 4004 955 4064 ille
971 4004 1029 4080 boc
1044 4005 1176 4083 ingenio,
1200 4005 1255 4066 bec
1277 4004 1441 4066 eruditione
1456 4005 1596 4084 praeditus

299 4106 442 4184 dirempta
471 4126 504 4167 ca
533 4127 567 4167 ae
595 4109 725 4168 seiuncta
754 4106 858 4191 uellet?
890 4105 1001 4167 Deinde
1029 4107 1113 4186 siqua
1141 4108 1228 4168 etiam
1256 4108 1408 4186 ingrueret
1435 4106 1650 4175 claruissset

299 4215 394 4267 tutum
417 4227 465 4268 me
488 4209 552 4268 tore
566 4210 664 4286 putavi
680 4204 845 4295 speratoet¹
855 4207 925 4268 nibil
940 4216 1054 4269 temere
1070 4216 1213 4287 concepto
1228 4209 1445 4270 Germanorrun
1460 4226 1595 4270 meorum

299 4310 451 4386 praesidio,
486 4316 586 4388 utpote
615 4329 742 4388 cpmrum
767 4311 887 4395 tremine
916 4309 992 4371 banc
1013 4310 1086 4371 mibi
1108 4312 1247 4371 accersiri
1270 4310 1348 4372 ultro
1378 4310 1594 4378 difficultatem

263 4410 372 4473 asadco
397 4418 428 4471 ut
451 4412 506 4471 iarn
529 4411 606 4471 baud
630 4411 852 4473 contemnendis
873 4413 1055 4491 argumentis
1072 4413 1271 4489 prospiciam,
1305 4413 1396 4491 siquis
1418 4413 1455 4470 sit
1481 4412 1531 4488 qui
1556 4411 1595 4470 ite

299 4511 366 4571 velit
388 4514 546 4573 extinctam
569 4512 988 4594 Germanornm·'libertatem,
1010 4521 1044 4572 ut
1067 4511 1302 4574 contruendam
1318 4514 1433 4590 penitus
1447 4512 1593 4578 iniuriam,

298 4610 407 4673 nnllam
431 4612 637 4675 contumeliam
660 4613 704 4675 rcl
734 4614 896 4690 reclamare
927 4614 1013 4675 nobis
1041 4612 1143 4681 liceat,
1178 4616 1204 4674 ei
1233 4613 1403 4680 ridendum,
1438 4611 1594 4690 nequando

298 4712 346 4774 illa
369 4715 410 4774 sic
434 4717 590 4777 constricta
613 4735 646 4777 ac
669 4730 752 4795 paene
774 4718 913 4798 suffocata
937 4734 1004 4791 cum
1028 4717 1156 4775 maximo
1184 4721 1306 4791 repente
1334 4715 1421 4776 buius
1450 4714 1596 4773 servitutis

298 4816 456 4877 authorum
479 4817 667 4879 incommodo
689 4838 723 4878 ae
746 4818 1096 4896 ‹terimenls··ecompar‚
1131 4834 1166 4876 ac
1194 4835 1225 4875 se
1253 4815 1308 4876 sibi
1331 4816 1455 4877 adserat.
1502 4814 1595 4885 Quam
1610 4824 1655 4876 tr.

263 4938 290 4977 ro
300 4917 434 4995 quidem,
471 4925 503 4978 ut
525 4920 687 4995 prudenter
709 4920 773 4981 lnec
794 4922 987 5003 aestimemus,
1023 4926 1051 4977 et
1084 4916 1236 4978 consilium
1267 4918 1321 4995 ipsi
1348 4936 1466 4997 quoque
1494 4917 1598 4977 tlemus

297 5055 501 5063 ——4-Q*

332 5117 570 5171 ¹³restrinxi2.3.
607 5137 686 5188 mgroe
699 5125 733 5175 A.
774 5088 974 5174 ”crexitzdl
1010 5118 1164 5175 ι’ἳιιιιΙΙΜ
1200 5119 1356 5189 ⁸⁸poendA,
1391 5121 1594 5174 ⁸⁹notorum-l.
1633 5123 1637 5131 '

357 5222 489 5274 Hrrmr
507 5224 576 5276 Ore.
595 5225 701 5278 νοω.
750 5245 752 5251 ·
1051 5258 1054 5270 -
1338 5210 1376 5271 lll
