4067 6209
412 786 485 861 272
611 797 733 852 cxxvl.
753 814 875 854 ttvrrmu
887 815 925 854 an
937 814 1013 854 enin.
1028 816 1204 856 rrsca‘ronmr
1217 818 1260 857 rr.
1280 820 1307 857 n.
1320 811 1354 858 tl.
1369 822 1431 859 rtur.
1445 813 1514 860 istd.

429 1043 501 1077 arro
520 1039 670 1075 rsntttottt.
967 1006 1144 1085 CXXVI.
1511 1040 1551 1081 υ.
1566 1045 1631 1082 ιω.
1645 1040 1708 1081 itit.

411 1095 679 1108 ——-——-
1487 1102 1723 1110 —————-——

842 1177 1025 1239 VLRlCHVS
1048 1181 1097 1241 DE
1119 1181 1271 1244 llVTl'EN

863 1283 1056 1341 FltlltElllClIO
1078 1287 1250 1344 rtsnnrutu

916 1397 921 1407 ·
982 1386 1140 1439 susurru.

353 1510 400 1561 tt·
496 1501 549 1561 llic
572 1501 669 1559 omnia
698 1499 773 1560 liene
801 1500 925 1569 liabent,
954 1504 1009 1561 nisi
1033 1504 1112 1582 quod
1134 1522 1193 1564 non
1216 1512 1378 1584 pugnatur:
1413 1507 1442 1565 in
1466 1506 1526 1566 hoc
1550 1493 1635 1567 errim
1657 1520 1740 1568 nont

411 1604 513 1663 satislit
534 1620 638 1661 eorum
661 1609 728 1661 roto
751 1603 800 1680 qui
822 1604 964 1678 sunguine
987 1610 1017 1663 et
1039 1605 1118 1665 caede
1141 1605 1241 1666 ulcisci
1257 1606 1449 1667 calamitatem
1464 1610 1616 1685 gestiunt:
1642 1607 1715 1686 fugit

411 1714 551 1785 tyrannus
580 1704 706 1763 maximo
734 1709 766 1763 ut
794 1705 936 1782 suspicari
963 1704 1032 1764 licet
1060 1713 1153 1775 metu;
1185 1706 1303 1786 reliquit
1325 1710 1402 1768 enim
1425 1727 1490 1788 quae
1514 1728 1586 1770 cara
1611 1709 1714 1771 habuit

289 1828 295 1838 ·
354 1808 522 1872 tuomum,
550 1805 636 1863 ctiam
665 1807 834 1884 pecuniam,
863 1813 896 1864 ut
923 1808 986 1866 sinc
1015 1809 1117 1867 viatico
1146 1808 1259 1869 abierit.
1305 1809 1416 1870 Relelle
1438 1811 1617 1887 magnificos
1640 1831 1711 1891 quo·

409 1909 536 1969 rundanr
558 1910 702 1974 terrores,
726 1908 776 1985 qui
799 1926 901 1967 omnes
924 1916 1166 1988 consumpturam
1189 1911 1265 1970 hanc
1287 1910 1393 1971 iuriam
1415 1912 1638 1990 praedicebant,
1661 1916 1711 1993 qui
1730 1909 1744 1942 ⁰

352 2027 464 2080 annos
492 2013 567 2074 male
593 2016 777 2087 pugnaturos
805 2011 887 2087 quasi
916 2011 944 2069 in
967 2010 1088 2088 speculo
1110 2013 1217 2071 intueri
1239 2029 1271 2071 se
1293 2010 1498 2091 loquebantur.
1545 2015 1607 2076 Sed
1631 2014 1739 2076 arbi-n

409 2123 471 2174 tror
494 2117 569 2174 scire
593 2110 666 2172 velle
688 2118 716 2169 to
739 2111 829 2170 illusis
852 2112 924 2171 meis
954 2118 986 2171 ut
1009 2115 1163 2173 conveniat
1185 2132 1253 2173 cum
1275 2116 1365 2174 armis
1387 2122 1415 2174 et
1436 2114 1565 2176 tumultu
1590 2115 1706 2176 bellico.

408 2218 591 2294 l’eroptirne,
615 2213 660 2275 vel
683 2215 750 2293 quia
773 2213 964 2272 Frarrciscum
987 2213 1083 2273 lraltoo
1105 2215 1274 2284 ductorem,
1299 2200 1447 2277 hominem
1462 2216 1641 2279 mirabiliter
1654 2216 1708 2277 bo·

408 2337 493 2388 num,
524 2317 567 2376 vel
596 2318 664 2394 quia
692 2314 748 2373 lror
776 2313 887 2374 bellum
915 2332 973 2373 non
1003 2322 1060 2382 cst,
1089 2317 1228 2375 nimirum
1256 2317 1347 2377 hostis
1375 2317 1426 2378 ubi
1453 2336 1513 2378 non
1536 2326 1583 2378 est
1606 2326 1636 2380 et
1657 2318 1709 2380 ubi

408 2439 496 2481 nemo
525 2419 647 2486 resistit,
681 2435 768 2476 nemo
797 2415 954 2480 defendit..
975 2414 1027 2476 ubi
1056 2416 1185 2492 gladium
1214 2420 1293 2478 exeri
1321 2419 1452 2479 nondum
1480 2419 1623 2489 vidimus,
1652 2422 1707 2480 nisi

352 2528 551 2601 sequentum
579 2519 653 2580 ebrii
681 2518 720 2578 illi
747 2520 823 2578 inter
845 2517 949 2596 pocula
972 2519 1115 2577 rixantur.
1160 2518 1227 2577 Fuit
1248 2526 1345 2580 tamen
1368 2537 1464 2599 nuper
1485 2519 1632 2581 tumtdtus
1654 2539 1737 2599 pet-u

408 2625 466 2682 tius
488 2639 575 2699 quarn
598 2636 712 2700 pugna.
742 2621 855 2679 minore
878 2618 1029 2679 Francisci
1057 2618 1117 2678 lilio
1140 2638 1206 2680 cum
1230 2621 1376 2699 equitibus
1400 2622 1498 2698 viginti
1520 2613 1663 2702 quinque
1678 2625 1707 2683 in

410 2724 553 2783 ducentos
574 2721 687 2801 pedites
710 2723 808 2779 nescio
832 2739 890 2799 quo
913 2721 1035 2781 consilio
1064 2738 1146 2780 urum
1169 2739 1274 2800 capere
1298 2725 1376 2784 ausis
1398 2725 1538 2802 impetum
1564 2723 1705 2792 faciente3

411 2824 461 2884 ulti
484 2824 659 2884 interierunt
680 2823 780 2897 viginti
802 2841 869 2889 ser,
894 2824 970 2901 capti
993 2824 1125 2900 triginta,
1150 2823 1255 2901 reliqui
1277 2825 1307 2884 in
1330 2826 1430 2900 lugam
1452 2822 1574 2894 abiecti,
1591 2819 1706 2903 'magna

352 2946 398 2997 §.a
411 2945 479 2987 cum
501 2924 593 3001 gloria
616 2926 728 2984 iuvenis
750 2943 783 2984 ac
806 2925 914 3002 optima
937 2925 973 2985 de
996 2942 1028 2983 se
1050 2942 1101 3003 spe
1125 2932 1151 2984 et
1175 2926 1321 3002 opinione.
1360 2925 1395 2985 Et
1411 2927 1581 3004 Gopingum
1596 2926 1707 3007 aliquot

408 3004 496 3087 lrn'ras
526 3028 691 3107 oppugnari
720 3026 871 3091 sustinuit.
905 3033 936 3084 ut
958 3025 1092 3103 quatiam
1116 3024 1169 3084 alia
1193 3028 1304 3086 circum
1328 3027 1448 3105 oppida;
1483 3025 1619 3106 Tarbinga
1644 3030 1734 3091 diesu

406 3137 478 3210 puto
506 3136 582 3197 tres,
612 3129 746 3205 Aspurga
775 3144 834 3185 non
863 3126 954 3185 multo
983 3126 1117 3206 amplius.
1164 3126 1346 3188 Conscientia
1369 3135 1428 3196 est,
1458 3147 1524 3206 quae
1551 3137 1582 3189 et
1608 3132 1705 3209 ipsum

406 3239 563 3310 tparmum
593 3236 621 3290 et
649 3247 723 3308 (pros
749 3228 797 3288 ille
828 3228 901 3287 srdos
930 3226 1074 3288 lraltuerat
1102 3228 1187 3287 solvit
1213 3248 1247 3287 ae
1276 3229 1437 3308 dissiparit,
1472 3246 1582 3307 magno
1616 3249 1704 3309 argu·

348 3349 393 3399 §.a
408 3340 507 3394 mento
530 3351 594 3391 csse
617 3332 723 3391 lmrum
746 3347 845 3389 rerum
869 3329 1017 3407 quandam
1039 3331 1154 3406 superis
1183 3330 1280 3389 adhuc
1308 3349 1419 3391 curam.
1466 3331 1651 3411 Capnioncm
1672 3332 1703 3393 li·

407 3436 574 3496 berarirnus
600 3451 716 3493 sununo
746 3450 762 3490 e
792 3437 884 3498 metu,
916 3432 1060 3507 optinnun
1089 3448 1205 3500 senem,
1235 3433 1421 3492 innocentem
1450 3441 1478 3493 et
1507 3434 1631 3510 dignum
1656 3436 1703 3514 qui

348 3540 539 3603 §.tsecurius
562 3542 636 3612 agat.
682 3532 777 3593 llaltet
805 3533 860 3592 lma
887 3534 1008 3608 regione
1037 3531 1114 3592 lraud
1144 3531 1230 3592 facile
1259 3532 1346 3593 aliam
1368 3535 1525 3596 Germania
1551 3534 1731 3614 pulchriora

404 3658 483 3699 rem:
518 3656 589 3713 ager
612 3636 753 3715 optimus,
778 3634 881 3694 calum
904 3635 977 3693 mire
1001 3633 1112 3709 ltonum
1135 3640 1164 3693 et
1185 3633 1320 3705 salubre,
1340 3642 1468 3703 montes',
1485 3642 1585 3715 prata,
1602 3636 1700 3704 valles,

405 3740 539 3807 llurnina,
569 3739 680 3806 sontes,
709 3736 810 3815 sylvae,
839 3737 1034 3795 arrrmnissirna
1057 3736 1170 3803 onmia,
1194 3735 1296 3811 fruges
1322 3745 1356 3796 ut
1385 3739 1429 3797 rix
1457 3736 1526 3796 alibi
1555 3746 1701 3815 proventu

404 3842 523 3910 laciles;
559 3842 622 3900 rina
645 3840 730 3899 utin
753 3839 798 3898 nis
820 3837 901 3898 loris.
946 3839 1038 3917 ipsam
1062 3836 1269 3912 Studgardiam
1292 3844 1380 3897 terrae
1408 3837 1578 3918 paradisum
1601 3838 1701 3919 appel·

345 3956 391 4006 §.u
404 3944 465 4003 lant
487 3944 589 4003 Sueri:
619 3944 657 4001 ita
680 3942 736 4000 situ
760 3947 803 4001 est
826 3957 950 3999 arrruno.
990 3938 1084 4009 Quam
1106 3937 1160 3998 luit
1183 3940 1334 4015 indignum
1357 3941 1484 4017 pessimo
1507 3937 1563 3998 sub
1586 3938 1701 3999 latrone

344 4052 446 4109 §.suot
468 4062 532 4103 esso
554 4043 647 4111 bona,
677 4049 867 4120 mereturque
896 4041 1060 4118 principem
1083 4047 1166 4099 terra
1185 4040 1248 4099 lraec
1270 4040 1391 4100 bonum.
1438 4038 1567 4118 Tyranni
1589 4040 1731 4106 liberoso

403 4146 546 4221 'itihingen
568 4152 703 4223 repertos
725 4142 806 4202 multi
830 4144 858 4200 in
882 4142 1010 4202 Bararus
1033 4142 1228 4218 asportandos
1249 4142 1388 4210 suadent,
1411 4141 1458 4202 alii
1481 4141 1546 4201 alio.
1593 4142 1699 4219 Magna

402 4253 520 4326 reperta
549 4264 674 4305 annona
700 4246 751 4303 ris.
796 4250 1014 4303 tormentorum
1043 4250 1072 4302 ct
1099 4261 1165 4321 quae
1193 4244 1228 4302 ad
1256 4242 1367 4303 bellum
1396 4249 1466 4302 sunt
1493 4243 1698 4304 machinarum

403 4349 474 4410 nulli
497 4347 551 4407 luit
573 4349 602 4406 in
625 4347 782 4409 Germania
804 4346 929 4424 principi
953 4351 1002 4404 aut
1025 4346 1117 4403 maior
1141 4346 1223 4423 eopia
1252 4350 1302 4405 aut
1327 4346 1498 4404 instructior
1520 4352 1698 4423 apparatus:

402 4471 435 4513 ea
459 4451 556 4510 onmia
580 4450 790 4515 extrahuntur,
814 4466 852 4508 ne
875 4446 1017 4527 siquando
1040 4446 1142 4506 redcat
1164 4446 1225 4514 ille,
1249 4445 1344 4506 lurori
1366 4447 1560 4512 instrumenta
1584 4464 1640 4507 sno
1655 4450 1699 4508 in·

400 4556 504 4615 veniat.
545 4550 638 4624 ‘Quid'
661 4552 703 4612 ais
726 4552 760 4610 ‘si
781 4550 901 4612 redeat?
930 4556 958 4608 ct
979 4555 1013 4607 ut
1034 4547 1136 4607 redeat
1157 4547 1221 4607 lieri
1243 4546 1364 4625 potest‘t'
1393 4547 1458 4608 Non
1481 4544 1630 4616 arbitror:
1657 4555 1732 4613 ter-as

400 4740 522 4790 CXXVI.
564 4738 638 4788 H.A.
656 4756 691 4781 =
707 4742 738 4786 ut
757 4738 790 4786 ad
810 4753 882 4786 num.
897 4735 1006 4785 CXVII.
1026 4735 1228 4784 adnotavimus.
1310 4733 1373 4780 2:
1384 4731 1558 4798 Wagenseil.
1571 4748 1599 4781 n.
1614 4749 1698 4785 xxxv.

435 4841 460 4889 p.
468 4822 607 4873 atto...·211.
677 4821 740 4869 3:
751 4823 831 4871 Hutt.
842 4819 951 4870 lliinclr.
964 4820 1015 4868 lll.
1030 4836 1055 4883 p.
1069 4816 1206 4867 156...158.
1276 4817 1411 4882 Epistolae.
1430 4821 1537 4882 partem
1556 4821 1668 4885 recepit

686 4906 858 4955 Burcklmrd.
878 4906 899 4954 l.
920 4921 945 4968 p.
959 4903 1016 4952 219.
1028 4919 1066 4967 sq.
1088 4903 1131 4951 (Ji.
1145 4917 1216 4950 mun.
1232 4900 1342 4950 cxxlt.
1356 4901 1455 4979 ἓξ.-

468 5042 486 5075 ¹¹
507 5044 591 5093 musis
606 5043 639 5092 ΙΙ.
655 5045 679 5092 2.
728 5041 748 5074 ¹⁹
768 5041 940 5107 Gttppingen.
988 5036 1010 5069 ²⁷
1028 5038 1106 5088 silvae
1121 5042 1145 5087 2.
1156 5040 1180 5088 3.
1234 5036 1257 5068 ³⁰
1275 5040 1395 5087 terraet.
1449 5035 1470 5067 ³³
1490 5035 1701 5091 Germanicam

399 5126 423 5160 ³⁵
440 5129 512 5192 Qtrid
531 5129 591 5178 uis?
609 5130 639 5177 Si
657 5127 763 5178 redeat.
782 5129 841 5178 cdd.
883 5124 998 5175 Redisse
1018 5125 1086 5178 sotis
1105 5129 1199 5175 notum
1218 5129 1270 5175 cst.
