4067 6209
445 776 516 848 176
616 790 794 842 vLXXXIIII.
813 781 939 841 uvrrnnr
948 805 986 841 an
999 805 1111 842 enormi
1123 807 1154 841 ru
1167 807 1296 842 usurum
1310 808 1465 843 rnurnrro.
1489 803 1547 844 isis.

440 963 565 1040 repetis,
589 960 672 1039 quasi
694 961 744 1037 qui
765 958 837 1019 nihil
860 966 919 1030 est,
942 959 979 1020 ab
995 978 1031 1020 eo
1046 946 1346 1042 ahquid'extnrquere
1361 961 1454 1023 liceat.
1495 965 1532 1024 ht
1546 981 1624 1023 nime
1639 964 1737 1042 ipsum

440 1063 511 1124 illud
534 1060 610 1123 Nihil
633 1061 669 1121 ad
692 1069 721 1121 te
743 1062 840 1131 mitte,
864 1063 953 1121 etita
974 1063 1074 1131 mitte,
1098 1070 1130 1123 ut
1151 1064 1273 1124 Nemine
1295 1066 1464 1142 perferente
1486 1066 1620 1143 accipias.
1666 1065 1737 1134 Qni-

442 1184 509 1226 cum
533 1166 609 1225 enim
631 1164 741 1224 rectius
763 1161 840 1222 Nihil
862 1181 950 1241 quam
973 1183 1041 1224 cum
1056 1164 1178 1225 Nemine
1201 1175 1347 1235 versatur,
1371 1186 1438 1227 cum
1460 1185 1547 1227 nemo
1570 1165 1641 1226 nihil
1663 1168 1735 1226 seri-

381 1266 492 1330 §.nhat
518 1285 552 1327 ac
579 1264 682 1327 iaciat?
714 1264 772 1325 Sed
803 1265 860 1323 iam
889 1284 975 1325 nosse
1005 1267 1060 1336 ris,
1095 1268 1174 1327 unde
1201 1267 1258 1327 hnc
1287 1276 1409 1345 repente
1436 1276 1645 1328 commentum.
1692 1267 1734 1327 Ex
1796 1308 1800 1315 -

442 1386 592 1447 perversa,
617 1365 719 1440 Crete,
742 1366 894 1426 huminum
917 1368 1069 1444 opinione,
1092 1368 1178 1442 simul
1201 1376 1250 1429 tua
1272 1370 1382 1447 tragica
1405 1368 1544 1446 epistola:
1559 1388 1635 1429 nam
1655 1376 1689 1429 nt
1703 1378 1758 1429 tus

440 1468 511 1530 nihil
534 1488 550 1529 a
573 1487 620 1528 rue
642 1467 730 1527 scribi
753 1469 900 1545 quereris
930 1469 968 1527 ita
996 1476 1065 1528 sunt
1092 1469 1226 1531 hurnines
1252 1472 1301 1548 qui
1324 1471 1553 1549 siepridscrihas
1576 1472 1662 1531 etiam
1685 1478 1736 1531 aut

441 1573 546 1637 lacius,
571 1578 599 1630 et
621 1572 716 1647 ipsum
739 1568 811 1628 illud
835 1577 863 1629 et
886 1576 913 1629 te
936 1574 1070 1631 autorem
1085 1570 1162 1631 Nihil
1184 1572 1296 1631 dicant:
1319 1574 1349 1632 in
1370 1593 1404 1633 ea
1420 1580 1552 1650 tempera
1568 1573 1733 1639 incidimus,

381 1675 470 1739 §.aiu
494 1673 522 1733 id
546 1672 622 1750 vulgi
650 1671 789 1731 iudicium
817 1671 1046 1731 succumbimus.
1098 1674 1128 1732 si
1154 1672 1251 1732 adhuc
1283 1674 1353 1751 quid
1384 1674 1439 1734 sihi
1468 1675 1524 1733 huc
1554 1673 1620 1733 velit
1647 1673 1733 1743 h'ihil,

440 1775 571 1843 dubitem,
603 1775 703 1852 priora
729 1771 844 1832 revolve
873 1791 907 1832 ac
934 1773 1069 1850 quasdam
1097 1781 1129 1834 ut
1156 1776 1341 1852 contigerunt
1363 1777 1392 1834 in
1414 1777 1586 1836 memoriam
1616 1794 1732 1834 reuma.

439 1875 607 1937 Periculum
637 1875 729 1934 iecisti
758 1893 875 1934 mecum
903 1875 972 1952 quid
996 1882 1165 1936 mereantur
1188 1878 1236 1954 qui
1260 1879 1369 1954 optima
1395 1877 1490 1937 studia
1517 1877 1729 1937 studiosissime
1744 1890 1768 1929 ¹⁰

439 1979 540 2038 sectati
562 1984 646 2038 sunt:
675 1994 781 2053 nempe
804 1983 836 2035 ut
858 1975 928 2035 nihil
951 1975 1085 2035 didicisse
1108 1986 1136 2037 et
1157 1978 1212 2054 ipsi
1236 1979 1368 2038 hemines
1390 1978 1472 2038 nihili
1486 1978 1635 2038 'dieantur
1663 1996 1732 2056 pro·

381 2081 543 2159 §.epulam
589 2097 646 2156 qua
668 2078 697 2137 in
719 2096 753 2138 re
775 2076 980 2137 clementiores
1003 2078 1099 2139 adhuc
1122 2079 1233 2138 iudices
1256 2088 1395 2156 expertus
1418 2099 1449 2139 es
1471 2098 1558 2158 quam
1582 2098 1652 2158 egn,
1682 2082 1731 2158 qui

437 2190 503 2260 post
525 2188 568 2240 tot
589 2198 734 2240 annerum
756 2198 851 2238 meam
874 2197 928 2257 per
943 2179 1091 2257 Europam
1114 2181 1397 2258 peregrinationem,
1421 2188 1464 2239 tut
1484 2181 1568 2240 aditis
1583 2180 1730 2258 periculis,

436 2291 480 2344 tut
502 2283 650 2344 exhaustis
672 2280 898 2349 calamitatibus,
933 2280 1020 2341 nullis
1047 2299 1106 2340 nun
1135 2282 1265 2342 erumnis
1292 2283 1430 2352 aillietuS,
1465 2301 1531 2342 cum
1554 2284 1671 2342 tandem
1694 2283 1730 2342 nd

437 2405 519 2446 meus
541 2385 707 2452 rediissem,
742 2382 810 2460 quid
833 2382 910 2443 aliud
933 2400 1053 2459 sperare
1076 2381 1178 2451 dehui,
1213 2402 1301 2462 quarn
1330 2385 1462 2444 homiues
1490 2382 1576 2462 longa
1597 2386 1656 2444 mei
1679 2399 1765 2445 err-ts

437 2489 601 2567 peetatione
616 2486 709 2545 lessus
724 2484 887 2544 uelrenicnti
902 2492 1123 2553 occursaturus,
1148 2485 1239 2544 uhriis
1254 2485 1389 2546 manibus
1412 2492 1600 2562 excepturus,
1623 2485 1730 2545 hianda

438 2588 533 2666 aliqua
556 2587 725 2665 praelatione
752 2584 908 2646 salutatum
936 2584 1170 2676 amplexatprus,
1204 2586 1401 2664 gratulaturus
1428 2585 1617 2646 incolumitati
1635 2606 1729 2656 -mere,

381 2689 614 2769 improbaturus
637 2687 713 2764 quud
738 2706 805 2746 cum
827 2687 928 2763 patriis
950 2686 1040 2745 llusis
1068 2686 1220 2746 rediissem
1248 2690 1278 2748 in
1306 2690 1446 2767 gratiam?
1479 2689 1515 2748 tt
1541 2688 1730 2766 piatreiarihus

437 2810 515 2851 curm
538 2791 657 2849 luerunt
679 2788 741 2847 liaee
764 2806 851 2865 quam
874 2788 984 2865 reperti
1006 2796 1074 2848 sunt
1097 2790 1146 2866 qui
1168 2808 1216 2849 me
1238 2797 1411 2850 accusarem
1433 2791 1534 2851 etiam:
1564 2792 1620 2851 iam
1650 2793 1728 2849 euim

437 2893 512 2952 lama
535 2896 719 2967 precesserat
741 2888 847 2966 iprihns
869 2889 972 2948 studiis
986 2907 1082 2968 ¹qnam
1106 2909 1225 2968 operam
1248 2892 1471 2969 impendissem:
1500 2894 1598 2969 itaque
1626 2908 1764 2968 repre-20

436 2993 568 3054 hendere
591 3010 707 3058 «tremes,
742 3009 776 3050 ac
805 2991 914 3051 frustra
943 2989 1092 3051 lahorasse
1115 3000 1144 3052 et
1166 3000 1281 3069 tempus
1303 2994 1465 3070 perdidisse.
1495 2994 1607 3060 dicere;
1641 3000 1728 3070 atque

436 3114 471 3156 eo
494 3097 625 3155 amnium
647 3092 765 3152 tandem
788 3091 890 3151 calculi
907 3094 1030 3152 coniecti
1046 3102 1128 3163 sunt,
1152 3102 1181 3152 et
1195 3095 1274 3171 ‹pirud
1289 3097 1334 3155 rix
1352 3095 1462 3164 eredis
1486 3097 1514 3154 in
1531 3096 1623 3172 patria
1639 3095 1728 3153 miser

379 3199 530 3262 §.ninvcni
552 3197 698 3256 neminem
721 3213 837 3272 neptium
859 3213 994 3255 mearum
1016 3195 1180 3256 studiorum
1203 3196 1338 3256 iudicem.
1383 3196 1467 3257 lllum
1491 3197 1554 3257 ride
1573 3196 1727 3255 Neminem

435 3301 484 3379 qui
507 3300 564 3359 huc
586 3298 622 3358 de
644 3317 677 3357 se
699 3296 768 3356 dicit

730 3397 821 3457 Nema
844 3398 936 3457 reiert
958 3397 1061 3457 studiis
1083 3400 1201 3475 praemia
1226 3399 1311 3474 iligna
1336 3398 1428 3458 hunis
1734 3423 1760 3462 u

435 3522 493 3563 non
516 3502 599 3562 aliter
622 3508 709 3579 atque
732 3499 778 3558 ille
802 3518 856 3576 ege
879 3500 933 3559 sim
961 3499 1100 3558 decuctur
1128 3500 1218 3567 lilius,
1252 3502 1302 3578 qui
1330 3500 1365 3559 ad
1396 3518 1554 3576 percorum
1583 3499 1670 3577 haras
1698 3510 1727 3558 et

435 3603 671 3665 currirriessandas
692 3602 811 3679 siliquas
833 3599 957 3678 relegari
980 3599 1119 3669 dehcam;
1154 3610 1203 3662 arrt
1231 3621 1290 3661 nun
1319 3601 1422 3661 ruelius
1450 3603 1487 3661 sit
1509 3603 1546 3660 ita
1569 3601 1724 3665 struluisse.

433 3725 521 3784 quam
543 3704 689 3764 studuisse
712 3701 831 3763 omnine
854 3702 940 3763 nihil:
972 3722 1037 3762 riam
1066 3721 1100 3760 ex
1130 3703 1289 3781 aeqiralihus
1319 3704 1368 3781 qui
1392 3722 1486 3781 neque
1508 3702 1606 3762 literas
1629 3721 1726 3779 neque

432 3816 533 3868 natare
557 3806 737 3871 didicerunt,
760 3804 830 3864 nihil
854 3804 1056 3865 nllendehant:
1080 3805 1153 3864 adeu
1177 3807 1266 3864 tutius
1289 3812 1405 3864 estium
1423 3805 1556 3874 studere,
1580 3823 1667 3882 eperum
1683 3806 1725 3862 sie

432 3911 566 3971 studere:
591 3916 619 3967 et
642 3907 716 3966 hane
739 3907 857 3984 quidem
880 3908 1066 3985 impegerunt
1089 3907 1158 3966 milri
1181 3906 1311 3983 eulpam,
1341 3914 1372 3965 ut
1400 3914 1476 3966 esset
1505 3906 1583 3984 quud
1606 3906 1759 3966 duritieiao

376 4025 492 4075 §.nsuae
516 4016 689 4089 praetextum
712 4008 914 4068 distenderent.
958 4015 1088 4085 tuncque
1111 4011 1237 4084 prirmun
1261 4008 1409 4085 eliminatus
1437 4016 1480 4066 est
1508 4026 1624 4076 runnu,
1654 4005 1724 4066 nihil

432 4113 567 4174 didicisse
588 4130 636 4170 me
659 4129 692 4169 ac
715 4127 778 4168 esse
802 4107 886 4175 nihil,
911 4112 1023 4185 magnis
1046 4109 1093 4169 ille
1116 4110 1235 4187 ‹pridem
1257 4109 1423 4169 autnrihus:
1447 4128 1513 4168 tratri
1537 4109 1586 4169 uhi
1609 4110 1639 4168 in
1660 4107 1725 4167 illus

431 4216 496 4292 quis
519 4212 653 4272 inciderit
676 4213 831 4270 iactatures
853 4208 997 4287 iugulem,
1032 4218 1082 4269 aut
1104 4212 1139 4270 ad
1165 4213 1217 4271 hus
1240 4211 1384 4287 adpmlerit
1406 4210 1613 4287 strpereiliusus
1642 4209 1723 4267 ilum-

431 4314 563 4393 lugistas,
587 4330 645 4370 non
670 4312 734 4372 dicu
757 4312 905 4389 qunrumlu
929 4321 1028 4388 pessel.
1049 4314 1128 4393 scire¹
1148 4310 1270 4389 aliquid,
1294 4314 1349 4371 lure
1373 4313 1438 4371 elien
1462 4311 1608 4390 ‹pertimuelc
1623 4318 1723 4387 posset

375 4433 495 4485 §.cesse
518 4413 634 4492 aliquid.
680 4414 823 4491 lliugenes
845 4413 968 4493 Cynicus
991 4412 1068 4472 ultre
1092 4398 1162 4473 nihil
1184 4415 1260 4472 scire
1283 4414 1342 4472 rult
1364 4421 1430 4491 pust
1452 4432 1519 4472 eum
1547 4414 1595 4490 qui
1625 4413 1757 4471 airrrriiatn

431 4520 508 4579 scire
529 4517 701 4595 prulitetur,
725 4523 762 4587 at
776 4533 840 4576 esse
862 4515 970 4594 alieprid
994 4516 1157 4575 euntendit:
1182 4515 1210 4575 id
1233 4515 1311 4593 ‹prreid
1333 4536 1387 4593 ‹¹gu
1408 4515 1503 4574 adhuc
1525 4515 1663 4591 curisequi
1679 4522 1722 4572 tut

497 4689 579 4750 ¹Qui
596 4686 665 4736 nihil
685 4690 735 4735 est.
754 4688 874 4750 marpll.
939 4684 1052 4735 ³Nihil.
1071 4685 1166 4733 Nemo.
1184 4686 1303 4749 mraeerl.
1367 4683 1538 4733 ³uuthorem
1550 4683 1585 4732 B.
1650 4680 1668 4714 ¹³
1689 4682 1722 4730 ln

428 4773 508 4823 hunis
526 4773 601 4822 ducti
619 4772 725 4833 literis,
745 4769 814 4818 nihil
833 4771 906 4819 seire
925 4769 1067 4828 dicuntur,
1087 4769 1109 4817 n
1128 4769 1197 4817 nihil
1216 4768 1259 4819 lut
1277 4785 1339 4834 neq3
1356 4769 1498 4833 magistri,
1524 4782 1612 4831 neque
1632 4767 1719 4831 rungi-

428 4857 568 4907 strsbiles.
591 4858 711 4921 marpll.
765 4852 785 4885 ¹³
803 4855 942 4904 aerumnis
955 4857 1012 4902 5.6.
1067 4852 1088 4884 ²³
1107 4853 1259 4902 studiorum
1277 4868 1407 4903 meorum.
1422 4855 1481 4901 Μ.
1534 4843 1560 4883 ²³
1580 4857 1623 4900 est
1640 4850 1720 4901 1258.

343 4943 349 4956 '
428 4943 562 4993 Neminie.
632 4943 727 4991 Nemo.
740 4941 861 5002 inreer).
896 4939 940 5013 .²⁰
959 4955 1023 4988 arus
1036 4938 1092 4987 AG.
1112 4938 1155 4987 Cf.
1171 4953 1271 5002 eu‘arig.
1284 4940 1352 4986 erc.
1366 4939 1423 4987 XV.
1442 4937 1550 5000 ll.sqq.
1613 4935 1635 4966 ³³
1653 4937 1719 4985 l'ro·

428 5028 504 5078 verb.
518 5027 686 5091 Diogenian.
702 5022 796 5074 vlaa.
840 5023 860 5054 ³¹
881 5023 957 5073 Nihil
967 5024 1075 5073 didicit.
1089 5038 1168 5085 niarp.
1178 5024 1209 5070 D.
1244 5021 1266 5053 ³³
1284 5022 1401 5087 Legulei
1421 5025 1581 5072 metatores.
1599 5022 1719 5085 marpll.

429 5110 451 5143 ³³
470 5110 659 5176 Theologistae
672 5107 856 5175 superciliosi.
874 5125 954 5173 naarp.
968 5109 1000 5157 1).
1053 5104 1076 5137 ³⁴
1092 5104 1157 5171 non]
1177 5109 1211 5156 ui)
1224 5109 1258 5157 A.
1311 5106 1334 5138 ³³
1352 5108 1503 5171 Diogenes.
1516 5123 1596 5171 murp.
1607 5107 1639 5156 1).
1661 5107 1721 5168 Cfi?
