4067 6209
411 798 547 850 CXXXII.
563 813 645 850 arra.
660 812 696 849 ,m
710 813 789 849 rara.
804 814 840 850 aa
853 813 958 851 avrsas
972 813 1025 849 ruo
1039 812 1218 849 enacarusno
1231 813 1382 849 croceam.
1396 808 1455 851 tata.
1505 785 1573 859 291

284 972 313 1030 in
343 970 473 1029 animum
503 969 641 1028 imluxisti
669 975 761 1028 tumn.
807 968 918 1040 Quodsi
946 965 1150 1028 dissimulabas
1178 968 1253 1028 scire
1288 972 1435 1048 quomodo
1470 973 1580 1032 lactum

282 1078 366 1129 tuvun
390 1070 504 1129 laturus
526 1089 639 1138 essem,
664 1069 736 1129 nibil
759 1071 820 1146 ipso
843 1069 899 1129 tale
922 1070 1043 1138 iaciant,
1067 1069 1119 1129 sed
1141 1076 1243 1147 aperte
1265 1070 1331 1128 dico
1355 1071 1480 1131 ‘irascor
1502 1072 1579 1141 tibi’;

284 1190 386 1231 verum
410 1173 449 1230 ita
473 1173 599 1240 irascor,
624 1179 656 1229 ut
678 1172 747 1229 satis
769 1170 894 1230 habeam
917 1170 1079 1229 ostendisse
1101 1170 1254 1239 allectum,
1278 1189 1338 1229 uon
1353 1171 1454 1233 ulcisci
1471 1173 1576 1233 adbuc.

285 1274 308 1332 si
331 1292 401 1332 vero
424 1274 561 1350 opinione
585 1271 674 1332 salsus
696 1291 741 1338 es,
775 1278 807 1330 ut
834 1273 883 1350 qui
912 1273 1061 1351 putaveris
1090 1289 1150 1329 uon
1178 1273 1277 1351 inique
1304 1271 1458 1333 serendum
1481 1294 1496 1333 a
1520 1278 1648 1343 meldi·

263 1376 412 1434 seximam
435 1392 587 1433 errorem:
617 1375 797 1451 iniquissime
820 1371 974 1431 serendum
998 1379 1043 1430 est
1065 1374 1156 1441 enim,
1180 1374 1308 1450 primum
1329 1374 1358 1432 in
1374 1393 1580 1454 quemcunque

282 1476 310 1535 id
334 1475 432 1542 cadat:
467 1475 572 1535 deiude
595 1494 643 1535 me
669 1474 814 1551 imprimis
840 1473 938 1533 iudico
964 1473 1117 1551 indiguum
1146 1469 1193 1532 cui
1220 1481 1251 1533 tu
1279 1475 1380 1544 iacias,
1411 1482 1497 1561 teque
1526 1478 1579 1536 im-

281 1576 465 1643 modestum,
503 1576 583 1653 (quid
612 1576 689 1637 enim
718 1575 835 1653 gravius
863 1574 985 1653 dicanti)
1014 1594 1030 1633 a
1059 1594 1118 1652 quo
1147 1574 1203 1634 talc
1231 1576 1380 1653 quippiam
1410 1577 1517 1652 patiar,
1549 1585 1578 1636 et

282 1695 369 1755 quem
398 1685 430 1736 tu
459 1676 562 1744 laedas,
591 1678 615 1735 si
645 1695 783 1753 usquam,
812 1674 866 1734 abs
887 1682 917 1735 te
940 1682 1020 1735 certe
1041 1677 1237 1736 innocentem.
1282 1674 1340 1735 Sed
1363 1685 1512 1754 nequent
1535 1677 1647 1737 tat-§.n

281 1785 367 1837 turus
394 1795 488 1837 essem
518 1776 688 1854 ignorabas,
722 1795 819 1854 neque
848 1784 880 1836 nt
906 1776 1062 1836 terendum
1089 1778 1127 1836 sit
1154 1778 1258 1837 nescis.
1308 1776 1423 1855 Aliquid
1452 1780 1576 1838 monstri

236 1877 335 1939 ¹toallis
357 1885 403 1938 tu:
437 1879 516 1937 uude
538 1897 597 1937 non
627 1878 761 1937 effodiam
789 1878 867 1955 quod
897 1878 1072 1955 cogitatione
1099 1896 1255 1955 assequor;
1288 1886 1402 1938 tantum
1425 1879 1507 1939 abest
1529 1898 1585 1939 su·-

280 1978 461 2055 spicionibus
490 1986 522 2038 ut
549 1981 657 2038 armari
687 1979 841 2038 adversum
869 1986 898 2038 te
925 1978 1021 2039 velim.
1071 1978 1198 2039 Proinde
1227 1982 1270 2040 sic
1296 1981 1355 2048 aio,
1390 1980 1467 2057 quod
1497 1980 1645 2040 domii-²⁰.

279 2086 338 2138 tuae
366 2080 394 2137 iu
423 2087 534 2157 tuoque
562 2078 698 2138 cubiculo
721 2081 745 2138 si
768 2081 901 2148 fecisses,
930 2082 1057 2157 graviter
1084 2079 1213 2141 laturum
1242 2099 1289 2140 me
1316 2079 1445 2150 sciebas,
1473 2082 1501 2140 id
1524 2101 1577 2160 pu-

280 2179 357 2239 blice
380 2189 408 2239 et
432 2181 459 2257 (o
482 2181 710 2257 inconveniensl')
734 2181 811 2258 apud
835 2182 931 2240 lorum
955 2200 1023 2240 varim
1045 2182 1165 2250 leceris,
1189 2200 1248 2260 quo
1271 2180 1335 2240 loco
1357 2182 1507 2257 positurus
1523 2183 1578 2242 sim

280 2283 419 2359 ignorare
441 2290 470 2341 te
492 2281 621 2343 simulas.
668 2281 737 2360 quid
761 2282 979 2358 tergiversaris?
1012 2281 1083 2359 quid
1105 2281 1227 2342 tlltutist
1259 2282 1307 2341 hic
1335 2300 1399 2341 rrros
1422 2283 1590 2343 Germanis·

246 2385 343 2445 cest?
376 2384 433 2444 boe
455 2384 524 2443 boni
547 2385 600 2442 viri
629 2384 775 2442 officium?
809 2383 926 2442 ‘Corrtra
954 2390 982 2442 te
1009 2401 1070 2442 non
1097 2383 1237 2461 putabam
1262 2384 1386 2451 lactum,
1416 2384 1439 2442 si
1468 2384 1645 2445 antbert-u.

199 2545 205 2559 ,
280 2479 376 2543 essem
405 2503 464 2562 quo
495 2486 592 2545 minus
620 2485 780 2545 haberetur
806 2481 998 2544 inmanibus
1029 2486 1186 2544 criminosa
1209 2484 1334 2544 effictio'.
1381 2484 1488 2569 Contra
1511 2486 1577 2544 mel

279 2586 339 2644 imo
369 2594 470 2644 cirrum
500 2587 544 2645 ius
573 2586 674 2663 iusque
705 2585 757 2645 abs
786 2593 815 2644 te
844 2586 952 2646 iactum
981 2585 1178 2664 intelligebas,
1207 2588 1231 2646 si
1254 2588 1428 2646 memoriam
1452 2586 1495 2646 rei
1517 2592 1579 2645 tam

279 2685 391 2746 celebri
414 2687 520 2747 iudicio
542 2687 578 2746 ad
602 2689 781 2764 posteritatis
803 2686 971 2765 exemplum
994 2688 1117 2766 cognitae
1139 2688 1308 2756 induceres,
1331 2688 1355 2747 si
1378 2695 1464 2747 autor
1486 2704 1575 2754 esses,

279 2806 339 2865 quo
362 2789 458 2848 minus
480 2787 660 2848 haberentur
682 2790 711 2846 in
733 2788 869 2848 manibus
890 2806 956 2866 quae
978 2808 994 2848 a
1016 2790 1158 2867 principis
1180 2789 1301 2849 decreto
1323 2789 1498 2867 penderent.
1531 2788 1645 2854 Auru.

243 2890 320 2953 uuita
343 2898 427 2965 potes
449 2890 525 2949 banc
547 2891 694 2949 tictionern
716 2891 865 2959 incusare,
889 2889 1022 2949 tutillam
1044 2889 1166 2950 Caesaris
1188 2891 1361 2950 sententiam
1385 2909 1443 2950 non
1465 2892 1575 2967 impro-

280 2989 351 3049 bes?
384 2999 412 3049 at
435 3009 494 3050 non
515 2992 652 3050 incusare
674 2990 726 3050 tibi
749 2990 872 3068 placuit,
895 3010 954 3050 non
977 2992 1147 3069 improbare
1167 2990 1297 3051 libellum
1314 3009 1427 3059 meum,
1450 2992 1577 3068 perdere

279 3091 372 3149 visum
402 3098 460 3159 est;
498 3111 556 3151 nun
586 3092 621 3151 ud
649 3092 789 3152 iudicium
815 3110 920 3152 vocare
947 3094 1134 3154 criminosam
1163 3093 1339 3151 effictionem
1364 3091 1493 3161 voluisti,
1524 3092 1576 3153 sed

278 3194 362 3269 quasi
392 3200 423 3252 tu
453 3191 500 3251 ille
527 3194 567 3252 sis
594 3196 624 3252 in
648 3196 804 3255 Germania
833 3196 920 3254 iudex
948 3195 997 3272 qui
1020 3195 1059 3253 ita
1080 3192 1190 3252 babeas
1213 3193 1369 3252 damnandi
1392 3200 1574 3269 potestatem,

278 3301 311 3353 ut
333 3301 533 3354 accusatorem
557 3303 713 3373 expectare
735 3314 809 3375 opus
831 3314 890 3354 uon
913 3296 962 3363 sit,
986 3294 1158 3371 perditioni,
1182 3295 1269 3353 exitio
1285 3301 1314 3353 et
1329 3292 1479 3353 abolitioni
1494 3292 1575 3353 illum

242 3421 269 3461 aa
279 3396 422 3455 miserum
445 3395 592 3474 dialogum
616 3397 800 3464 adiudicasti,
824 3398 935 3463 statim,
959 3394 1038 3455 nulla
1053 3394 1253 3455 intercedente
1269 3413 1367 3463 mma,
1391 3394 1470 3453 nullo
1493 3396 1575 3471 prius

234 3496 238 3502 '
278 3496 379 3556 babilo
402 3496 538 3565 consilio,
568 3497 647 3557 nullo
670 3505 829 3558 convocato
852 3506 969 3563 senatu,
996 3495 1084 3555 nullis
1106 3495 1246 3555 consultis
1269 3495 1392 3573 legibus.
1438 3497 1489 3555 sed
1512 3497 1575 3555 baec

277 3599 302 3657 si
325 3600 467 3658 movisses
489 3600 572 3676 prius
599 3607 628 3660 et
656 3600 692 3659 de
720 3601 784 3659 iure
807 3599 999 3676 disputasses,
1030 3616 1088 3656 uim
1117 3617 1182 3657 meo
1211 3604 1273 3656 tum
1301 3596 1431 3674 dialogo,
1461 3597 1513 3657 scd
1535 3596 1575 3656 illi

277 3700 336 3758 iam
366 3700 489 3759 Caesaris
516 3701 622 3761 iudicio
653 3699 816 3779 periculum
847 3700 961 3760 luisset:
996 3700 1079 3775 prius
1100 3699 1157 3759 boc
1180 3701 1258 3759 enim
1287 3718 1371 3759 reum
1400 3700 1462 3758 beri
1485 3717 1572 3775 opor·

277 3801 389 3860 luisset.
435 3802 529 3877 Atque
557 3803 645 3879 igitur
670 3804 700 3860 iu
730 3820 777 3861 me
803 3802 930 3879 iniqubu
958 3802 1035 3860 luisti
1063 3820 1151 3878 quam
1174 3799 1230 3859 ulla
1254 3801 1381 3878 patiatur
1403 3801 1492 3869 ratio,
1523 3809 1641 3858 tre-§.aa

241 3901 350 3968 udum
380 3911 480 3962 nostra
511 3902 704 3968 familiaritas,
738 3909 838 3961 nostra
865 3902 1005 3969 arnicitia;
1043 3909 1072 3961 et
1102 3921 1168 3961 cum
1196 3904 1302 3972 lucris,
1336 3904 1378 3961 sic
1405 3909 1504 3961 tamen
1532 3903 1573 3960 ais

278 4003 354 4063 ‘Nun
382 4004 520 4082 putabam
550 4011 649 4064 contra
677 4011 707 4063 te
735 4001 868 4064 iactrrm’.
914 4022 950 4061 an
972 4021 1099 4079 prome
1127 4005 1235 4063 lactum
1261 4004 1402 4082 putabasl
1435 4002 1573 4072 arbitror,

278 4112 311 4163 ut
337 4106 387 4181 qui
416 4124 535 4165 careres
562 4106 669 4184 nequid
698 4107 770 4166 mibi
797 4105 865 4165 iude
892 4103 1013 4182 periculi
1037 4113 1129 4164 esset:
1164 4106 1247 4165 video
1270 4107 1347 4166 enirn
1371 4122 1469 4184 prope
1499 4124 1584 4173 esse..

277 4224 312 4265 cr
336 4205 536 4266 malevolentia
560 4207 768 4285 benignitatem
791 4206 945 4275 ulfacius,
969 4214 999 4266 ct
1021 4204 1196 4266 beneficium
1218 4217 1251 4267 ut
1272 4209 1475 4285 interpreteris
1496 4208 1572 4268 iuiu-

276 4308 361 4366 riam.
406 4308 442 4365 m
464 4309 513 4386 qui
536 4308 593 4367 boe
614 4309 753 4369 studebas
776 4327 829 4368 cur
851 4327 909 4368 nou
931 4326 1008 4367 arum
1031 4308 1139 4368 abbiuc
1160 4317 1280 4387 quarto,
1304 4329 1371 4370 cum
1394 4327 1442 4369 rue
1464 4310 1641 4369 oratic-eu.

241 4426 331 4472 sanes
352 4407 484 4469 scribere
505 4410 535 4467 in
557 4417 713 4489 tyranuum
736 4410 855 4470 audires
877 4417 920 4479 et,
951 4411 975 4469 si
998 4429 1100 4469 verum
1126 4409 1227 4470 dicunt
1250 4410 1396 4478 homiues,
1427 4411 1482 4487 ipsi
1505 4427 1573 4487 pro-

276 4509 365 4569 deres
387 4512 492 4579 etiam,
519 4513 647 4571 amicum
669 4530 706 4571 uc
728 4512 757 4571 in
780 4530 813 4571 re
836 4510 1000 4589 periculosa
1023 4513 1145 4570 vrirnium
1169 4511 1307 4571 auderem
1331 4512 1487 4570 monuisti?
1520 4529 1573 4568 cur

276 4618 391 4670 tautum
415 4613 553 4690 progredi
576 4632 680 4691 passus
703 4633 748 4680 es,
778 4633 865 4692 quem
894 4621 960 4672 aute
990 4611 1113 4690 periculi
1141 4620 1252 4670 metum
1280 4613 1405 4671 retinere
1432 4611 1572 4687 potuisti?

276 4715 342 4783 Ouo
372 4714 443 4773 mibi
474 4713 603 4773 inculcas
631 4714 841 4775 beuevoleutiu.
863 4715 1050 4791 opinionem?
1082 4714 1191 4773 siccine
1214 4706 1370 4771 cerebrmn
1394 4729 1451 4770 non
1475 4711 1638 4772 babentes.

276 4815 326 4891 qui
351 4833 384 4872 ea
407 4814 495 4874 didici
518 4816 624 4892 quibus
646 4816 851 4893 prmlontiores
881 4816 943 4875 lieri
971 4833 1002 4873 se
1030 4813 1165 4872 lmnrincs
1193 4821 1309 4890 piuant,
1342 4822 1374 4871 ut
1395 4813 1470 4872 lianc
1492 4812 1570 4871 calli-

349 5015 553 5081 ⁵quencirqu
640 5016 694 5083 ⁷u]
715 5023 816 5068 elul.
894 5015 915 5048 ¹⁵
934 5021 1013 5065 uiator
1025 5018 1051 5066 2.
1126 5015 1284 5081 ¹⁰plueuit‚
1309 5016 1571 5079 nequecorr.ll.2.

274 5097 298 5131 ⁸²
318 5102 380 5150 inde
401 5103 467 5151 milri
481 5106 506 5151 2.
565 5101 668 5167 ”Sedl
689 5106 851 5167 Quianqunm
869 5120 938 5152 corr.
954 5104 990 5151 H.
1002 5105 1027 5151 2.
1093 5100 1179 5166 “All
1199 5101 1424 5150 Sedcurr.H.2.

1288 5188 1349 5247 19*
