4067 6209
289 782 435 833 cuxxw.
456 794 599 829 coenoso
611 794 723 827 eracuu.
744 778 876 828 CLXXV.
890 793 1144 829 Au1:.rtssTTEs}1.A1>
1157 789 1486 833 nuuau.nr.16.1ru.tato.
1513 767 1585 838 359

288 958 431 1018 bdelium,
448 956 496 1010 sed
517 953 584 1009 nibil
603 954 690 1009 auibuc
708 953 768 1007 vidi.
807 953 901 1009 Paucis
919 954 1014 1010 diebus
1038 954 1080 1010 bis
1098 955 1130 1009 ad
1148 973 1190 1011 me
1207 973 1238 1010 ox
1250 955 1388 1028 Mogontia
1409 958 1520 1031 scripsit
1535 957 1584 1014 ra·
1596 969 1641 1019 §.a

289 1043 387 1100 britius
399 1042 506 1115 Capito,
521 1040 599 1095 cuius
616 1039 763 1095 conciones
779 1038 821 1093 bic
840 1057 949 1113 quoque
964 1039 1005 1094 vei
1025 1058 1138 1095 maxime
1151 1039 1308 1104 laudantur;
1324 1042 1394 1114 petit
1408 1043 1435 1097 in
1451 1044 1588 1116 posterio-

218 1195 226 1206 ·
289 1130 364 1184 ribus
383 1127 485 1187 literis,
506 1134 535 1180 ut
558 1126 663 1179 mittam
681 1124 731 1178 sibi
745 1124 977 1196 operatliceronis
996 1126 1085 1180 onmia
1104 1125 1130 1180 in
1147 1127 1233 1182 forma
1249 1126 1371 1200 portatiti
1388 1128 1421 1183 de
1439 1127 1530 1183 littera
1543 1129 1587 1184 m-

287 1215 358 1269 dina.
394 1210 593 1284 inquisiribic.
617 1210 789 1265 sedirustra.
823 1226 877 1273 uon
892 1210 948 1264 seio
963 1208 1045 1265 atium
1060 1218 1134 1266 corte
1148 1211 1194 1284 qui
1214 1220 1240 1267 tc
1257 1212 1346 1286 possit
1358 1220 1405 1269 aut
1419 1213 1525 1269 facilius
1540 1222 1587 1269 aut
1651 1244 1656 1256 ι

267 1298 459 1355 ⁵eommodius
482 1314 513 1350 ea
537 1295 563 1350 in
583 1312 613 1350 re
632 1311 735 1349 morem
758 1311 868 1364 gerere:
896 1294 980 1350 babes
1001 1296 1148 1352 adnutum
1164 1305 1330 1353 mercatores
1345 1297 1516 1361 venetianus,
1539 1300 1585 1372 qui

289 1384 357 1439 nibil
380 1382 427 1438 tibi
449 1382 592 1452 denegant.
634 1379 748 1434 obsecro
771 1387 810 1440 te,
838 1379 861 1433 si
881 1397 961 1451 grave
989 1380 1113 1442 nonsit,
1141 1380 1244 1438 bomini
1264 1383 1408 1439 inservias:
1435 1384 1497 1439 novi
1514 1384 1586 1457 quod

288 1470 375 1523 uirum
398 1467 499 1539 diligis.
544 1465 662 1539 pretium
682 1464 731 1519 tibi
751 1463 926 1537 integerrime
949 1466 1124 1528 restituetur,
1150 1484 1192 1522 me
1215 1485 1363 1541 sponsore;
1385 1468 1465 1523 immo
1490 1476 1518 1524 et
1540 1469 1587 1523 de·

289 1554 385 1609 bitore.
433 1551 461 1606 Si
482 1550 621 1607 orationes
638 1548 776 1606 Ciceronis
798 1547 893 1604 Aldina
918 1566 973 1605 uon
999 1550 1097 1605 habeat
1119 1551 1277 1625 impressio,
1306 1552 1418 1608 alterius
1442 1553 1513 1627 petit
1537 1553 1586 1608 im·

289 1638 453 1712 pressiouis,
477 1637 557 1691 modo
580 1635 636 1691 siut
658 1635 684 1690 in
706 1635 793 1689 forma
818 1634 949 1707 portatiii.
1001 1636 1036 1690 be
1060 1634 1179 1692 Hutteno
1202 1637 1229 1692 id
1254 1637 1313 1693 beri
1335 1655 1349 1693 a
1373 1638 1485 1694 doctore
1505 1638 1642 1698 (ileu-§.d

254 1725 389 1794 ¹⁰berger
411 1721 516 1794 accepi,
546 1721 619 1793 quod
647 1720 718 1775 iutra
743 1726 806 1775 octo
833 1719 891 1774 dies
919 1738 952 1775 ex
973 1720 1111 1793 biogimtia
1134 1721 1231 1777 abierit
1250 1740 1344 1778 versus
1361 1722 1528 1780 Holiandiam
1551 1723 1585 1778 ad

290 1808 494 1863 Feniinanduui.
539 1803 640 1861 addidit
662 1814 771 1860 eentum
793 1804 818 1859 ei
838 1805 957 1860 florenos
979 1823 1040 1861 esse
1059 1815 1228 1870 numeratos,
1249 1825 1278 1863 se
1294 1817 1484 1882 procuratore,
1508 1809 1585 1864 iussu

290 1892 507 1948 reverendissimi
528 1891 632 1946 domini
651 1889 812 1961 bloguntini.
855 1889 949 1963 Siquid
976 1890 1041 1945 boni
1070 1890 1153 1947 babes
1179 1893 1211 1948 dc
1237 1893 1355 1966 Georgio
1381 1885 1492 1956 nostross
1514 1902 1639 1967 rogote.

290 1979 361 2033 inter
387 1976 592 2032 rescribendum
613 1992 811 2030 commemores
834 1974 913 2029 mihi:
943 1992 998 2031 non
1021 1994 1134 2049 possum
1156 1995 1207 2051 pro
1229 1978 1324 2034 iurene
1348 1996 1402 2033 uon
1424 1996 1484 2034 csse
1508 1978 1584 2034 solii·

289 2063 374 2123 citus,
397 2062 441 2117 cui
463 2070 567 2117 tantum
590 2068 633 2116 est
652 2059 799 2132 ingenium.
836 2059 905 2115 Bene
919 2060 977 2114 rate
995 2069 1023 2116 et
1041 2062 1153 2135 antiquo
1171 2080 1212 2118 me
1231 2081 1324 2137 quaeso
1343 2065 1403 2139 iove
1422 2064 1582 2137 patrocinio.

257 2154 279 2193 ¹⁵
290 2148 363 2203 biens
380 2143 522 2219 Philippus
544 2145 761 2217 Fursteuberger
778 2145 830 2200 iam
854 2145 915 2200 iiiuc
937 2145 1064 2201 discessit
1081 2147 1239 2203 rustic-atum
1259 2148 1340 2204 simul
1364 2167 1426 2204 cum
1450 2166 1533 2204 uxore
1556 2157 1639 2208 etta.

288 2232 395 2287 filiabus
416 2232 443 2286 in
467 2232 602 2292 Riuckau,
623 2231 655 2286 ad
676 2247 756 2303 quem
774 2247 826 2302 ego
845 2229 919 2285 finita
937 2231 1072 2287 residendi
1090 2233 1253 2289 necessitate
1276 2233 1373 2308 procul
1394 2233 1477 2289 dubio
1500 2234 1522 2289 si
1545 2234 1583 2288 vi-

289 2336 345 2372 vam
367 2317 540 2378 descendam,
565 2323 595 2371 ut
611 2314 759 2388 bioguntiae
783 2332 891 2388 quoquc
912 2316 1013 2372 amicos
1037 2334 1138 2390 parem.
1181 2318 1271 2375 Saluta
1294 2336 1412 2393 generos
1430 2306 1494 2376 tuos¹
1513 2318 1638 2381 libe-§.a

288 2419 389 2475 rosque
412 2400 501 2456 rerbis
523 2402 604 2463 meis,
626 2399 750 2474 inprimis
771 2400 910 2473 parvulam
928 2400 1001 2456 illam
1024 2397 1134 2476 ne'ptem
1159 2412 1302 2478 tantopere
1326 2413 1389 2460 aute
1412 2412 1521 2461 aetatem
1543 2404 1582 2460 ia·

288 2486 402 2558 c'uudam
420 2505 450 2542 ac
473 2485 624 2543 iucundam.
658 2485 695 2540 m
713 2484 836 2540 Francos.
854 2484 942 2559 pridie
962 2487 1024 2542 idus
1042 2486 1109 2542 iunii
1128 2488 1206 2544 Anno
1227 2496 1301 2549 1520.

251 2882 279 2921 ao
305 2887 441 2920 ronourm.
840 2852 1031 2929 CLXXV.
1388 2882 1418 2924 to.
1433 2890 1491 2924 ivri.
1505 2881 1565 2922 tato.

1365 2944 1584 2954 ————-——-

509 3027 668 3084 iteumuvs
690 3029 871 3086 uouafflvs
893 3030 1036 3087 aeuum
1059 3026 1115 3107 [ΑΒ
1137 3026 1359 3106 burrusumu]

613 3126 741 3176 IOANNI
760 3127 924 3178 ROGERIO
944 3127 1157 3177 BRENNONIO
1176 3125 1257 3179 851).

371 3250 460 3310 Sabe.
489 3249 639 3310 Brennum,
668 3256 695 3303 et
724 3250 861 3323 quomodo
883 3251 954 3324 apud
983 3268 1034 3306 nos
1063 3249 1203 3306 literarum
1230 3250 1326 3305 militia
1354 3250 1453 3311 valeat,
1482 3252 1638 3324 accipett.

286 3338 437 3407 Pugnatum
467 3343 506 3389 est
538 3334 669 3389 hactenus
699 3335 724 3389 in
756 3334 950 3408 theologistas,
985 3346 1012 3390 et
1040 3342 1136 3391 contra
1164 3335 1357 3408 predicatores
1390 3332 1452 3390 ilios
1481 3335 1583 3390 validos

252 3449 278 3487 ῃ,
289 3422 472 3476 mendicantes
496 3418 658 3474 fraterculos
681 3419 871 3491 belligeratum
894 3428 950 3482 est,
973 3421 1060 3476 donec
1081 3437 1195 3493 maguus
1218 3418 1264 3475 ilic
1285 3419 1412 3494 princeps
1426 3421 1583 3481 dstorotus,

287 3509 338 3563 boc
361 3513 403 3561 est
427 3504 472 3560 itte
494 3504 693 3577 Capniomastir
716 3503 828 3560 lacobus
851 3505 1044 3567 tiochsuatus
1069 3505 1173 3560 ordinis
1195 3504 1418 3578 praedicatorum,
1442 3504 1584 3559 haeretico·

287 3610 346 3648 rum
369 3591 514 3663 magister,
538 3588 707 3643 boloniensis
729 3597 878 3645 conventus
901 3591 991 3663 prior,
1019 3590 1051 3645 ad
1080 3589 1291 3646 internecionem
1315 3589 1403 3645 omnis
1432 3587 1506 3651 bdci,
1535 3588 1584 3642 do-

286 3677 381 3732 ctrinae
404 3684 432 3731 et
455 3674 568 3729 honoris
595 3691 657 3729 cum
684 3674 818 3730 universis
846 3674 897 3729 sibi
925 3674 1126 3730 adherentibus
1149 3674 1356 3731 (boloniensibus
1385 3672 1583 3746 tireosophistis

287 3763 373 3817 rietus
396 3768 423 3816 ct
445 3759 608 3833 profligatus
631 3767 687 3819 est,
711 3759 818 3833 ipsique
840 3760 939 3815 iratres
961 3760 1155 3833 praedicatores
1177 3776 1227 3833 per
1247 3760 1399 3815 universam
1415 3757 1583 3815 Germaniam

254 3864 382 3920 soporem
405 3843 572 3917 aCapnione
596 3851 623 3898 et
639 3842 782 3899 i'ranciseo
806 3844 934 3916 Siebingo
957 3843 1164 3918 quibuscunque
1186 3843 1390 3899 conditionibus
1412 3842 1485 3898 illam
1508 3858 1582 3899 acce·

288 3932 361 4004 pturi
384 3936 489 3989 essent.
512 3928 652 4001 deprecari
674 3929 761 3985 coacti
784 3937 856 3984 suut.
901 3930 952 3984 Sed
974 3929 1036 3984 audi
1060 3930 1174 3990 maiora,
1201 3946 1292 3984 rerum
1316 3946 1369 3984 non
1394 3934 1447 3982 tam
1470 3926 1532 3982 laeta
1555 3934 1582 3982 et
1592 3938 1637 3989 §.a

288 4013 720 4096 quorsumaudaciunr·aiiquot
748 4013 887 4069 bominum
917 4014 1116 4087 praegredietur
1144 4014 1229 4069 audax
1258 4012 1405 4069 temeritas.
1450 4011 1511 4068 Fuit
1539 4011 1584 4068 bic

288 4101 358 4174 apud
381 4116 431 4154 nos
454 4098 589 4153 {bittenus
611 4116 672 4154 cum
694 4097 800 4172 aliquot
822 4099 984 4154 Lutberanai
1007 4098 1133 4155 factionis
1156 4098 1281 4160 asseclis,
1305 4098 1352 4171 qui
1375 4115 1446 4154 nunc
1468 4098 1495 4152 iu
1519 4097 1585 4153 Cur·

289 4194 413 4244 msauos,
437 4191 467 4237 ut
489 4191 600 4243 roeant.
624 4184 815 4256 bonianosque
838 4183 945 4255 legatos
966 4183 1099 4240 calamum
1114 4184 1268 4257 stringnen
1299 4183 1350 4256 ipsi
1367 4183 1447 4238 etiarn
1463 4183 1584 4259 Romano

252 4268 409 4341 aspoutitiei
425 4267 523 4324 infensi
539 4285 650 4340 magnas
672 4268 834 4330 seditiones,
858 4268 974 4328 audeus
998 4269 1152 4342 provideat,
1175 4268 1350 4330 comitaturi,
1373 4268 1436 4323 dum
1460 4266 1584 4340 singulos

287 4353 435 4408 Germaniae
459 4352 595 4426 principes
618 4362 645 4408 et
668 4361 827 4426 potentatus
855 4354 960 4426 maguis
983 4353 1206 4427 persuasionibus
1229 4353 1423 4415 adhortantur,
1452 4359 1483 4408 nt
1505 4369 1584 4409 excu-

287 4535 419 4585 CLXXV.
451 4549 569 4584 uenator
588 4548 723 4583 conanum
740 4532 744 4598 Ι
759 4549 888 4585 uenirem
905 4533 909 4598 Ι
924 4552 960 4586 ao
985 4550 1185 4596 meranensis,
1207 4533 1346 4598 tenueras
1365 4548 1484 4582 uramara
1503 4546 1584 4587 novr-

255 4630 261 4641 ·
287 4634 331 4668 rm
347 4618 352 4681 Ι
367 4633 480 4680 arnum,
494 4634 618 4669 aravum
632 4633 789 4675 vrnrvsovn
806 4616 810 4683 Ι
826 4635 860 4668 oe
872 4620 1021 4670 Medicinas
1034 4620 1173 4679 necteris,
1191 4615 1195 4679 Ι
1211 4632 1309 4667 orani.
1326 4616 1331 4681 Ι
1346 4624 1394 4667 ete.
1411 4616 1415 4681 Ι
1432 4630 1565 4666 avunvru.
1578 4612 1582 4681 Ι

321 4719 373 4752 reri
386 4718 526 4753 nazaraeos
539 4717 673 4752 enerues.
690 4698 695 4769 Ι
710 4701 746 4751 8⁰.
760 4708 825 4752 torn.
840 4703 876 4752 11.
890 4719 916 4767 p.
929 4703 988 4751 772.
1002 4719 1042 4767 sq.
1056 4703 1116 4752 sivo
1128 4700 1278 4766 Epistolor.
1293 4701 1340 4751 lib.
1354 4701 1391 4750 11.
1404 4716 1477 4749 uum.
1491 4716 1549 4750 niv.

1687 4613 1698 4643 b

355 4853 375 4886 ¹¹
393 4852 505 4919 Georg.]
526 4854 662 4912 ‚Gendero
715 4852 737 4886 ¹⁸
754 4852 893 4919 Rinckou]
913 4855 1053 4918 Rbeinpau.

353 4938 373 4972 ²¹
398 4942 441 4989 Do
460 4938 589 4989 Cornelio
607 4939 731 5004 Agrippa
751 4938 786 4987 ab
798 4938 973 4988 Netteebeim
984 4937 1182 5003 Agrippinensi
1200 4935 1277 5000 (uoto
1290 4953 1315 4986 a.
1332 4934 1405 4986 1487.
1424 4936 1482 4997 †a.
1499 4934 1584 4999 1535.)

287 5024 350 5073 vide
364 5031 427 5089 poet
440 5024 510 5075 aiios
524 5023 639 5073 Metuero
653 5022 909 5072 Lebembeecbreibb.
923 5022 1066 5072 deratbrnter
1079 5023 1199 5072 Ma'nner.
1220 5022 1321 5071 Zitrieb.
1343 5019 1417 5072 1795.
1435 5019 1472 5071 8⁰.
1492 5020 1546 5072 rol.
1559 5021 1582 5071 1.

288 5126 313 5174 p.
328 5107 468 5159 213...aoo.
504 5108 679 5159 Brennouius
698 5107 836 5172 parochus
853 5107 988 5158 Metennio
1005 5107 1136 5173 Agrippae
1155 5105 1307 5172 discipulus
1325 5105 1387 5155 ruit.
