4067 6209
382 814 517 871 CXLVII.
532 829 674 870 cocenim
686 829 768 871 nvrr.
789 813 938 870 cxnvrn.
953 828 1112 870 rusorum
1122 826 1391 871 memmerunt.
1401 820 1558 867 rotomum.
1601 794 1674 873 317

893 986 1167 1063 CXXXXVII.

801 1162 992 1231 [rennues
1018 1161 1258 1233 coenemus]

338 1275 349 1295 ’
384 1341 547 1355 ......
571 1298 671 1353 Multce
692 1299 723 1352 id
741 1314 833 1369 penus
856 1299 1041 1368 querimoniae
1062 1295 1276 1368 sparpeboutur
1297 1298 1327 1351 iu
1356 1298 1471 1368 uulpus,
1500 1313 1556 1351 non
1585 1298 1675 1351 solum

383 1405 400 1439 a
424 1384 551 1439 Luttero
573 1386 651 1453 ipso,
673 1383 831 1436 sedetiam
854 1400 871 1436 a
894 1383 1079 1452 complicibus
1105 1382 1181 1447 eius,
1211 1382 1335 1436 manime
1364 1400 1381 1434 a
1407 1382 1499 1450 poetis
1525 1389 1553 1436 et
1580 1382 1675 1437 rlteto-

362 1471 464 1525 sribus
482 1469 584 1538 ploeris
606 1483 641 1521 uc
663 1468 713 1537 qui
734 1466 870 1538 theologiis
891 1474 919 1522 et
941 1467 1089 1521 monacliis
1115 1467 1219 1536 oppido
1247 1464 1347 1536 infesti
1372 1471 1471 1531 erasit,
1502 1482 1558 1519 rum
1584 1467 1675 1521 solum

381 1560 503 1625 propter
526 1485 701 1617 Latiarum,
724 1553 881 1606 sedetiam
903 1558 1025 1621 propter
1047 1550 1186 1605 Ioannem
1210 1551 1382 1621 Caprrionem
1405 1556 1432 1604 et
1445 1549 1602 1604 Erasmum
1618 1551 1676 1606 Ro·

383 1640 577 1702 cerodamum,
601 1639 678 1691 viros
699 1651 770 1690 sane
792 1638 999 1690 eruditissimos
1021 1642 1048 1689 et
1071 1637 1105 1690 de
1133 1636 1225 1689 literis
1251 1636 1411 1706 liupuisque
1441 1636 1591 1706 mapnifice
1619 1651 1675 1690 me·
1760 1701 1762 1705 Ι

384 1726 467 1786 ritas,
491 1722 593 1791 quibus
615 1720 746 1776 nonnihil
767 1737 863 1774 causoe
892 1727 918 1774 et
947 1720 1136 1774 contentionis
1164 1726 1228 1773 erat
1256 1736 1320 1774 cum
1350 1721 1414 1774 illis.
1460 1717 1518 1773 Sed
1546 1726 1572 1773 et
1599 1722 1675 1775 iure·

385 1807 506 1861 consulti
527 1823 583 1860 non
603 1806 695 1874 pauci
716 1821 750 1858 uc
773 1806 860 1859 aulici
881 1804 1068 1875 omoplatas,
1092 1806 1247 1858 autoritate
1269 1811 1296 1858 et
1316 1806 1413 1874 pratia
1434 1804 1594 1874 pollebunt,
1620 1821 1677 1875 pro

353 1890 512 1945 intraturo
534 1897 636 1945 contra
659 1890 866 1944 ecclesiasticos
887 1891 976 1943 multa
999 1905 1055 1942 nan
1079 1896 1136 1943 tom
1158 1890 1275 1959 scriptis
1296 1889 1376 1943 libris
1398 1906 1484 1961 quam
1507 1890 1632 1958 epistolis
1650 1896 1678 1943 et

384 1989 528 2039 sermone,
553 1982 612 2028 tum
635 1977 709 2029 clam
732 1975 771 2028 ad
793 1988 880 2027 aures
897 1974 1080 2043 principum,
1110 1980 1169 2027 tum
1192 1967 1297 2043 polam
1322 1975 1361 2028 ad
1385 1975 1527 2043 populum
1556 1976 1677 2045 repebant

384 2077 419 2114 ac
439 2060 562 2130 plisceus
583 2060 723 2114 laicorum
746 2060 774 2112 in
797 2060 917 2113 clericos
939 2059 1033 2112 odium
1049 2059 1110 2111 suis
1125 2058 1349 2112 detractionibus
1368 2059 1471 2112 callide
1487 2060 1676 2130 adaupebaut.

384 2145 509 2197 manime
537 2159 604 2197 uero
631 2144 800 2198 incendebat
827 2144 937 2197 animos
965 2159 1022 2196 non
1050 2143 1132 2196 modo
1156 2158 1312 2211 procerum
1341 2148 1369 2196 et
1397 2143 1545 2206 notitiam,
1580 2159 1677 2198 verum

384 2231 468 2282 etiam
491 2230 593 2282 ciuium
616 2237 643 2283 et
666 2229 840 2282 rusticorum
868 2227 983 2281 lllricus
1005 2226 1167 2292 Hactenus,
1196 2242 1283 2297 eques
1306 2227 1482 2294 Germanus,
1513 2229 1556 2283 uir
1577 2235 1604 2282 et
1627 2244 1677 2283 no-

351 2314 447 2368 rsbilis
472 2311 593 2383 samaia
621 2319 649 2367 et
676 2313 813 2367 acerrimi
838 2313 955 2382 maeuii,-
983 2312 1035 2382 qui
1060 2317 1088 2365 et
1110 2317 1194 2365 antea
1213 2316 1301 2382 prius
1327 2329 1412 2382 quom
1436 2312 1557 2367 Lutteri
1577 2326 1678 2367 nomen

384 2398 448 2453 orbi
468 2403 564 2451 notum
587 2403 674 2464 esset,
698 2397 786 2451 inulta
805 2413 863 2466 pro
885 2385 1015 2450 libertate
1040 2395 1217 2462 Germaniae,
1240 2404 1342 2467 contro
1363 2399 1532 2466 pensionum
1552 2404 1679 2467 quaestus

384 2489 411 2536 et
433 2483 597 2537 citationum
621 2483 803 2547 vexationen,
832 2481 934 2551 ortibus
962 2480 1094 2534 Romana
1122 2482 1205 2534 curia
1236 2481 1420 2536 Germaniam
1446 2498 1572 2551 pravare
1603 2483 1694 2536 aide·'

384 2568 484 2630 batur,
507 2568 682 2635 scripserat,
705 2583 762 2621 non
784 2567 873 2620 solum
896 2566 1040 2632 carmine,
1064 2579 1162 2619 oerum
1177 2568 1262 2620 etiam
1277 2568 1370 2621 solutu
1386 2568 1514 2621 oratione
1531 2567 1679 2621 veliemeus

384 2659 412 2705 et
434 2666 511 2705 acer.
556 2651 588 2706 Is
610 2658 668 2705 tum
695 2652 836 2706 oediderut
861 2651 994 2705 Triadem
1017 2649 1193 2717 Romanam,
1222 2652 1345 2706 libellum
1374 2654 1487 2721 quidem
1511 2652 1678 2721 paruulum,

349 2738 437 2791 nosed
458 2738 529 2789 mire
549 2735 684 2806 festiuum
707 2743 734 2791 et
755 2736 924 2790 inuentionis
945 2736 1099 2807 inpeniosae
1121 2742 1289 2806 arpumento
1317 2738 1399 2792 laicis
1421 2738 1573 2792 admodum
1593 2738 1679 2807 plau-

384 2821 491 2874 sibilem
514 2827 542 2874 et
564 2828 729 2891 acceptam.-
752 2837 808 2892 quo
829 2835 900 2874 sane
922 2821 1019 2891 effecit
1041 2828 1072 2874 ut
1094 2820 1166 2875 nitil
1187 2836 1268 2892 uque
1289 2802 1410 2877 inuisum
1432 2829 1506 2877 esset
1527 2822 1680 2878 Germanis

385 2907 580 2975 complurimis
601 2922 636 2961 ac
658 2921 760 2961 nomen
783 2904 923 2960 Romanoe
945 2907 1035 2960 curiae
1057 2913 1084 2960 et
1106 2908 1329 2962 curtisanorum.

387 3086 584 3136 cxxxxvss,
604 3088 732 3137 Historia
750 3087 783 3136 de
803 3088 874 3136 actis
893 3092 921 3156 ot
945 3088 1191 3158 scriptistMurtini
1208 3087 1324 3138 Lutheri
1348 3085 1475 3136 Saxonis.
1512 3088 1613 3150 (Puris.
1633 3091 1690 3155 ηρ(

550 3172 624 3223 uuit.
644 3172 825 3231 Cbauldiere,
846 3188 871 3220 n.
889 3169 965 3221 1565.
984 3172 1021 3220 8⁰.
1042 3172 1085 3221 ed.
1105 3171 1152 3221 tol.
1168 3171 1220 3234 19.)
1245 3172 1279 3220 nd
1297 3171 1379 3221 tinem
1398 3187 1423 3221 a.
1441 3170 1514 3220 1519.

352 3560 378 3599 25
406 3558 604 3596 normannum.
887 3544 1182 3623 ΟΧΧΧΧἮΠο
1274 3561 1402 3597 nxevurn
1410 3560 1435 3595 Α.
1445 3553 1661 3598 1519.ε.ιι«ινι«τι

1417 3629 1443 3667 t.
1458 3624 1517 3663 1520.

662 3749 881 3800 cnumssmo
907 3750 994 3800 vino
1018 3728 1237 3801 ninnouu'uo
1260 3749 1408 3802 susurro

757 3839 944 3895 uuumuvs
965 3839 1206 3896 emetituuuvs
1234 3840 1261 3895 S.
1282 3839 1310 3894 D.

473 3972 603 4034 Tametsi,
623 3973 785 4048 Hieronymo
804 3974 975 4037 doctissime,
1000 3974 1152 4032 Graecurum
1174 3976 1314 4033 literarum
1329 3976 1449 4034 studium
1472 3993 1487 4031 u
1509 3990 1564 4031 non
1584 3991 1681 4051 purum

387 4056 479 4113 muttis
502 4059 663 4132 reprehendi
684 4069 711 4115 ct
732 4060 868 4115 contemni
892 4058 994 4123 soleat,
1018 4077 1098 4117 nemo
1121 4071 1210 4118 tamen
1231 4080 1302 4119 saure
1324 4064 1422 4119 mentis
1445 4060 1547 4118 inficias
1569 4061 1609 4116 ire
1632 4078 1681 4135 po·

351 4160 377 4200 ³0
388 4143 452 4198 terit
473 4161 584 4216 magnas
607 4154 634 4200 ct
656 4162 828 4218 nequequam
850 4144 975 4218 vulgares
998 4146 1131 4204 utilitates
1153 4165 1185 4204 eu
1206 4147 1314 4204 illarum
1342 4148 1499 4221 cognitione
1522 4155 1613 4203 ortum
1635 4146 1682 4201 tn·
1765 4200 1773 4206 .

388 4228 460 4282 trare.
504 4227 536 4283 Et
561 4238 590 4284 ut
618 4229 723 4303 reliqua
748 4239 943 4303 praetereamus
970 4232 1125 4295 commoda,
1157 4233 1217 4307 quis
1245 4250 1365 4307 unquam
1393 4241 1517 4310 putasset
1543 4230 1682 4305 ogregiam

387 4311 460 4368 ittam
483 4312 658 4370 maledicendi
687 4323 773 4370 artem
795 4324 823 4370 ct
846 4333 926 4389 quam
949 4316 1078 4373 vilissime
1101 4326 1206 4381 scorta,
1235 4317 1349 4375 lenones
1378 4317 1554 4393 impurissimi
1580 4334 1610 4372 uc
1638 4333 1681 4371 re·

386 4395 453 4470 liqui
483 4406 609 4455 extremae
637 4400 720 4456 sortis
744 4401 867 4456 homines
895 4418 953 4474 pren
980 4403 1087 4459 centoris
1115 4403 1227 4465 cultant.
1256 4413 1315 4460 arte
1337 4414 1463 4459 constare
1486 4411 1513 4458 et
1534 4400 1682 4476 peculiaria

387 4499 434 4537 sue
457 4482 557 4538 trabere
579 4493 729 4559 precepta,
753 4485 805 4541 nisi
828 4504 860 4541 or
882 4485 1038 4544 Graecorum
1063 4488 1088 4543 id
1104 4488 1287 4544 monumentis
1302 4489 1456 4562 expiscatus
1473 4487 1577 4542 fuisset.
1616 4501 1682 4557 qua·

352 4577 502 4641 upropter
524 4584 604 4626 nemo
626 4570 724 4626 dehinc
746 4570 882 4627 existimet
904 4570 1007 4645 probos
1027 4572 1090 4628 illos
1113 4573 1198 4634 viros,
1229 4573 1274 4645 qui
1298 4581 1351 4629 taur
1374 4574 1444 4629 tende
1466 4570 1493 4626 in
1517 4585 1681 4643 generosum

962 4705 1116 4714 —a——.

389 4748 592 4802 cxxxxvlu.
612 4767 728 4802 uvcmru
744 4750 748 4816 Ι
765 4768 876 4802 unsrun
889 4768 906 4801 Δ
922 4751 926 4815 i
942 4769 1096 4802 munima
1112 4752 1116 4816 Ι
1133 4749 1333 4821 rrucunruslno
1356 4769 1385 4802 ns
1405 4748 1539 4819 nsrrluvu
1556 4748 1681 4817 innisus.

387 4832 435 4895 (12
445 4837 501 4899 soll.
515 4837 552 4886 4⁰.
580 4839 605 4885 in
632 4841 701 4886 ruitis
723 4842 833 4887 extremi
852 4841 937 4901 prima
957 4842 1055 4901 popina
1078 4841 1170 4902 insipni
1187 4840 1367 4888 Ansltetminno
1389 4841 1590 4902 suprascriptum
1614 4838 1680 4898 est:)

461 4921 605 4984 Hagenoae
624 4923 652 4970 iu
671 4922 777 4971 rudibus
795 4923 908 4971 'l'lroune
927 4921 1068 4971 Anshelrni
1085 4922 1088 4985 Ι
1104 4921 1198 4972 Murrio
1218 4924 1357 4973 Ianuario.
1394 4924 1472 4971 Anno
1486 4938 1602 4989 nomn„

1043 4994 1138 5001 -m-
1148 4995 1182 5000 .—.
1202 4995 1306 5001 ...--.-.—..

455 5055 672 5122 ³querirnonioe]
693 5059 772 5121 quusi
790 5060 927 5110 Lntherus
947 5059 1015 5109 nihii
1041 5060 1093 5109 nisi
1117 5060 1265 5109 veritatem
1283 5062 1436 5124 pacemque
1455 5065 1604 5124 quserorat,
1630 5058 1684 5123 ipsi

387 5156 452 5191 vero
472 5143 580 5192 iustitia
598 5144 794 5208 denegaretur.
