4067 6209
405 804 479 877 366
516 816 663 869 CLXXXI.
683 832 765 867 nvrr.
778 831 815 866 io
828 830 919 866 cirrr.
933 831 977 865 sn.
1008 814 1169 867 CLXXXII.
1185 830 1267 865 oron.
1279 830 1316 866 so
1328 830 1417 868 voror
1430 830 1482 866 nr.
1497 830 1526 866 n.
1542 820 1568 865 s.
1584 829 1655 866 Avo.
1671 821 1727 865 taso

405 1009 473 1050 narn
496 962 747 1049 isti'consultores
769 987 866 1045 minus
888 1005 922 1045 ae
945 988 1041 1046 minus
1063 985 1180 1063 placere
1201 985 1271 1045 mihi
1293 987 1448 1063 incipiunt.
1492 986 1537 1046 dii
1562 985 1649 1047 bene
1669 987 1727 1046 ior·

345 1110 390 1161 §.t
406 1098 519 1152 tnnent.
564 1090 606 1149 De
628 1090 742 1149 Caesare
765 1088 918 1166 magnifiee
945 1089 1043 1148 ornnia
1071 1086 1226 1164 poliioetnr
1249 1088 1443 1156 Franoisous,
1475 1096 1636 1167 putatque
1666 1106 1724 1148 non

407 1194 538 1253 initorum
562 1191 646 1251 nobis
668 1191 838 1259 adversum,
863 1192 916 1251 etsi
940 1189 1141 1251 comburendo
1157 1189 1288 1250 Lntbero
1303 1191 1490 1268 gratificatus
1514 1198 1569 1251 est
1592 1191 1725 1268 pontifici

404 1293 625 1355 consulentibus
647 1294 801 1361 sacrificis,
826 1294 875 1372 qni
898 1292 974 1352 illins
996 1299 1080 1352 aetate
1103 1290 1264 1352 abutuntur
1286 1293 1314 1351 in
1337 1294 1477 1353 maximis
1495 1311 1724 1372 nonnunquam

404 1396 503 1457 rebns.
548 1395 658 1455 lterorn
681 1394 753 1455 vale.
1730 1412 1741 1451 ε

558 1495 764 1597 [Inscriptio]
787 1494 962 1574 wolfgango
986 1496 1118 1573 Capitoni
1142 1495 1294 1573 Theologo
1316 1495 1479 1556 venerabili

507 1630 511 1636 ·
607 1598 692 1658 salut.

422 2293 642 2327 wrrrsnsrsons.
939 2256 1172 2332 CLXXXII.
1510 2284 1534 2323 3.
1550 2291 1621 2325 avo.
1638 2287 1699 2327 152⁰.

1480 2346 1716 2357 ῃ.-

853 2445 1036 2526 [ttnnrtnvs
1058 2444 1270 2524 bVTHERi'S}

924 2547 1052 2596 IOANNI
1069 2546 1183 2596 VOIGT
1721 2562 1743 2601 ιο

503 2636 614 2677 saone
638 2636 836 2676 rnnonoorae,
858 2635 1026 2675 nnorsrno
1056 2634 1192 2676 nvovsr.
1217 2635 1369 2675 nnsnrra:
1392 2634 1610 2676 nsoornvno.

940 2720 1070 2761 ssntonr
1095 2719 1164 2761 svo.

983 2849 1119 2897 IHESVS.

490 2958 618 3014 Salutem.
664 2957 699 3011 Ex
723 2974 777 3031 quo
794 2958 919 3036 'nonduin
942 2976 991 3014 vos
1014 2959 1094 3014 audio
1118 2959 1144 3013 in
1171 2958 1291 3032 registro
1319 2966 1504 3019 mortuorum.
1541 2960 1629 3015 credo
1659 2977 1705 3014 ros

405 3045 491 3101 adbuc
514 3045 616 3103 vivero,
642 3050 669 3098 et
691 3043 810 3099 nondum
834 3043 943 3098 nitirnas
966 3043 998 3098 ad
1021 3061 1064 3099 nie
1087 3044 1230 3118 scripsisse
1247 3043 1348 3099 literas.
1393 3043 1553 3099 Sermonem
1569 3044 1606 3100 do
1623 3046 1703 3099 missa
1715 3056 1763 3095 ts·

405 3147 454 3203 per
476 3147 525 3184 ros
549 3129 628 3183 mitto
645 3129 793 3184 reverendo
809 3130 879 3202 patri
904 3128 1077 3202 provinciali,
1102 3136 1129 3183 ot
1144 3129 1296 3201 positiones
1311 3127 1541 3190 Melanobtbonis‚
1564 3129 1705 3184 mirabiles

404 3214 479 3270 valde
502 3214 549 3268 sed
572 3230 688 3269 veraces.
734 3213 832 3269 Scribit
856 3222 950 3269 contra
974 3231 1016 3268 rno
1039 3214 1177 3287 Lipsensis
1200 3215 1292 3269 asinus
1308 3213 1409 3268 multos
1425 3213 1526 3274 libros,
1550 3222 1580 3269 et
1597 3215 1703 3287 quidam

405 3300 431 3356 in
453 3299 529 3354 ltalia
551 3298 689 3354 Cremonae
712 3306 807 3353 contra
830 3317 873 3356 ine
889 3299 1012 3372 scripsit,
1037 3298 1253 3361 indoctissimus,
1277 3299 1336 3354 sino
1350 3299 1475 3359 nornine.
1498 3299 1583 3354 oredo
1601 3299 1704 3355 ordinis

404 3385 612 3459 praedioatortnn
629 3401 697 3439 osse.
735 3383 829 3440 Eooins
844 3383 944 3439 ilieitnr
958 3383 1046 3438 adbuc
1060 3382 1128 3438 nibil
1144 3383 1310 3458 expedivisse
1327 3383 1353 3438 in
1368 3382 1444 3439 urbe.
1489 3382 1653 3439 Francisous
1664 3383 1703 3438 Si·

403 3469 519 3540 obingns
541 3486 591 3542 per
605 3468 752 3523 Huttennna
776 3468 912 3542 promittit
936 3468 1048 3523 tutelam
1071 3468 1136 3523 mibi
1158 3477 1254 3524 contra
1277 3484 1370 3523 ornnes
1393 3468 1495 3524 hostes.
1542 3468 1614 3523 idern
1639 3469 1733 3523 iacitro

404 3553 534 3609 Silvestor
554 3554 588 3608 de
604 3553 804 3626 Sebawenberg
826 3571 887 3608 onrn
909 3552 1048 3608 nobilibus
1071 3553 1220 3615 Francicis‚
1244 3553 1320 3608 cirins
1343 3552 1437 3608 literas
1460 3551 1590 3627 pniebros
1614 3553 1701 3608 babeo

403 3639 435 3694 ad
459 3655 509 3692 rne.
547 3637 617 3693 Nibii
642 3639 766 3693 timemus
789 3638 917 3712 amplius.
941 3638 988 3692 sed
1013 3638 1064 3693 iarn
1088 3638 1138 3692 odo
1161 3637 1259 3693 iibrurn
1283 3637 1421 3711 vulgarem
1442 3645 1539 3693 contra
1554 3655 1654 3711 papan)
1669 3639 1702 3692 de

406 3731 479 3779 statu
509 3722 630 3779 eeclesiae
660 3723 841 3778 entoitdando:
871 3723 914 3778 bio
937 3740 1033 3796 papam
1062 3722 1191 3778 acerrimo
1221 3730 1308 3778 tracto
1338 3731 1365 3779 et
1393 3724 1470 3796 quasi
1493 3723 1700 3779 Antieitristum.

404 3817 481 3864 orato
496 3807 635 3863 ltoininuni
659 3825 710 3881 pro
733 3825 790 3869 ine,
814 3816 844 3863 ut
867 3809 955 3881 prosit
979 3808 1088 3863 verbutn
1112 3825 1200 3863 ineunt
1224 3807 1345 3864 ecolosiae
1368 3824 1433 3863 suae.
1471 3806 1575 3862 Valere.
1614 3808 1656 3864 dio
1675 3807 1700 3862 S.

403 3893 533 3967 Stephani
556 3893 728 3949 inventionis.
767 3894 844 3948 Anno
868 3891 900 3946 11.
908 3893 935 3947 11.
944 3892 995 3948 XX.
1708 3903 1732 3942 2⁵

1197 3977 1292 4034 Frater
1313 3977 1444 4032 Martinus
1466 3976 1614 4032 Lutherus.

404 4191 567 4241 CLXXXII.
598 4191 667 4240 A:
678 4192 794 4241 Lutberi
809 4209 869 4257 epp.
890 4192 960 4253 (Ind.
974 4193 1041 4242 bibi.
1056 4210 1082 4242 n.
1097 4194 1138 4255 57,
1149 4193 1183 4257 1.)
1201 4193 1237 4242 11.
1252 4194 1299 4243 soi.
1314 4192 1338 4243 6.
1391 4193 1407 4241 2
1419 4212 1453 4236 =
1464 4192 1523 4242 [nd.
1535 4192 1605 4242 bibl.
1619 4210 1646 4243 n.
1659 4194 1700 4256 51,

404 4287 424 4328 t.
446 4278 466 4326 1.
486 4294 512 4342 p.
526 4276 584 4326 475.
605 4275 648 4325 Cf.
664 4277 748 4325 otiam
760 4276 932 4325 Burokbord.
952 4277 989 4326 11.
1008 4294 1034 4342 p.
1051 4277 1107 4328 126.
1162 4279 1308 4327 Germanice
1327 4285 1413 4329 exstat
1432 4281 1457 4327 in
1469 4279 1580 4328 Lutlrm'
1597 4282 1702 4344 scriptio

851 4377 868 4410 a
885 4362 1001 4411 Waiebio
1014 4363 1089 4411 editio
1102 4362 1175 4412 XXI.
1190 4362 1248 4412 710.

471 4534 499 4571 ¹·¹
517 4535 594 4583 Deus
614 4533 684 4581 bene
705 4532 834 4582 fortnnet.
855 4535 881 4582 2.
901 4531 1083 4595 (ermetanos
1100 4549 1156 4583 esse
1172 4536 1270 4597 poterit
1285 4531 1493 4598 proculdubio.)
1545 4530 1702 4583 'Hutenuo

402 4624 502 4672 addidit
519 4620 648 4669 recentior
665 4634 759 4668 mantis.

470 4704 491 4738 ¹⁸
514 4700 690 4769 provinciali]
720 4702 752 4751 Id
776 4709 819 4752 est
843 4706 878 4754 D.
898 4704 1039 4768 Stonpitio
1056 4704 1144 4752 adnot.
1163 4703 1198 4752 Α.
1269 4701 1290 4734 ¹²
1312 4702 1390 4767 Lips.
1409 4697 1513 4764 asinus]
1537 4700 1703 4753 Alvoldius'?

404 4789 424 4821 ¹⁹
443 4787 592 4855 [adnotator
609 4792 635 4837 in
650 4789 684 4837 H.
703 4788 756 4837 Hae
773 4788 864 4838 iiterae
882 4791 911 4838 in
929 4790 1017 4854 primo
1035 4788 1120 4838 Tomo
1139 4786 1306 4837 Germanico
1330 4785 1468 4835 Islebonsi
1492 4799 1605 4835 exousae
1629 4795 1702 4837 sunt.

402 4872 536 4924 rationo.
550 4871 588 4937 b]
662 4870 818 4937 Fronoiso.]
837 4874 871 4936 cs.
889 4889 971 4937 sopra
988 4888 1048 4936 epp.
1067 4874 1093 4921 d.
1111 4870 1152 4920 28.
1168 4871 1226 4921 Ian.
1246 4878 1271 4920 et
1288 4869 1330 4920 28.
1342 4870 1420 4921 Febr.
1439 4887 1463 4920 o.
1486 4868 1559 4919 1520.
1577 4876 1703 4936 scriptas.

401 4955 422 4990 ²¹
441 4958 640 5023 sebonenberg
652 4962 678 5008 2.
736 4956 759 4989 ²²
777 4959 847 5009 odeo
865 4957 925 5022 (pro
943 4956 1062 5021 oedo)A.
1120 4954 1229 5020 librum]
1248 4973 1281 5005 on
1299 4958 1348 5006 dea
1366 4955 1547 5006 obi-rotwile!
1562 4957 1614 5005 der
1631 4958 1703 5007 deut·

401 5044 477 5094 reden
489 5045 593 5094 Notion.
645 5042 832 5105 ”³Domnium
850 5044 884 5092 A.
