4067 6209
446 757 521 834 420
558 771 662 825 CXCV.
682 790 707 823 A.
722 786 824 823 suasor
839 785 1055 824 normarum.
1076 770 1194 825 CXCVI.
1210 759 1292 825 nuru.
1304 785 1342 825 ao
1355 787 1471 824 aranas.
1483 787 1531 825 ee.
1543 786 1571 824 o.
1585 779 1610 824 ³.
1620 789 1684 825 oea.
1700 780 1758 823 tato.

447 966 550 1006 merum
572 948 703 1003 uredicoru
721 947 868 1005 venissem.
894 956 922 1002 et
946 944 992 1002 ille
1015 946 1043 1001 in
1063 946 1180 1003 oraculis
1205 940 1291 1003 tu'rbae
1310 946 1574 1006 saletutlinariorum
1598 950 1757 1023 promendis

447 1034 604 1107 occupatior
623 1033 674 1087 urei
697 1033 829 1087 rationem
849 1048 902 1086 nou
926 1031 1068 1087 admodum
1092 1032 1217 1095 baberet,
1246 1033 1323 1087 inieci
1348 1051 1457 1089 manum
1487 1033 1580 1089 literis
1603 1034 1754 1091 lluttcnicis

447 1128 475 1177 et
496 1118 612 1173 aliorum
635 1117 784 1172 Germaniae
807 1115 957 1171 nobilitatis
978 1134 1122 1189 procerum
1142 1118 1174 1172 nd
1197 1135 1273 1178 eum.
1303 1118 1401 1191 ‹pribus
1431 1117 1557 1190 legendis
1588 1119 1754 1176 oblectarem

448 1222 505 1264 me,
526 1203 612 1257 douee
633 1201 775 1256 ruolestum
795 1200 982 1257 consultorum
1003 1219 1100 1273 agureu
1123 1202 1297 1275 profligasset
1316 1202 1387 1273 (nam
1406 1212 1514 1259 tanturn
1533 1205 1667 1277 usurpavi
1691 1204 1752 1258 mibi

448 1289 517 1361 apud
541 1286 616 1341 illum
640 1304 688 1358 pro
708 1287 766 1340 iure
788 1285 939 1356 ararit-itio),
969 1295 1025 1340 tutu
1049 1286 1121 1341 inter
1142 1285 1286 1342 fasciculos
1308 1287 1374 1342 duas
1397 1288 1508 1361 repperi
1528 1288 1667 1362 epistolas
1685 1288 1771 1343 benes

447 1372 558 1443 longas.
585 1371 632 1425 sed
654 1370 721 1425 bene
743 1369 923 1431 Cbristiauas,
954 1371 1000 1425 sed
1022 1372 1129 1431 doctas.
1155 1371 1236 1427 ctiam
1260 1372 1369 1427 interim
1398 1371 1470 1427 lectu
1492 1373 1641 1435 iucundas,
1674 1390 1752 1428 uuam

447 1458 506 1512 eius
530 1455 615 1529 ipsius
639 1456 785 1518 Stromeri;
822 1454 934 1530 alteram
955 1454 1079 1528 Gregorii
1102 1456 1201 1529 Coppi‚
1229 1456 1348 1511 eiusdem
1378 1465 1493 1512 iniunctae
1522 1458 1613 1514 aurici.
1660 1458 1752 1513 aridos

448 1550 582 1614 otrauque
604 1539 657 1612 legi
682 1581 1172 1594 .....................
1218 1540 1298 1596 lluice
1322 1542 1425 1613 gaudeo
1446 1541 1599 1598 llottenum
1618 1541 1703 1599 nobis
1721 1561 1751 1596 ex

449 1625 589 1681 llrabautia
607 1625 734 1679 reduoem
754 1633 835 1697 atque
856 1623 973 1686 salsum:
1003 1624 1173 1680 familiaritas
1192 1625 1264 1680 iuter
1283 1642 1333 1680 nos
1356 1643 1443 1699 nuper
1466 1643 1519 1700 per
1541 1625 1640 1683 literas
1661 1627 1751 1681 admo·

447 1712 511 1765 doru
529 1719 580 1764 est.
625 1709 696 1782 (presul
721 1709 742 1763 si
766 1709 910 1782 scripseris
929 1709 1046 1770 bomini,
1077 1727 1145 1782 rogo
1174 1719 1200 1764 te
1228 1728 1278 1783 per
1304 1728 1398 1765 omues
1425 1711 1542 1783 gratias,
1575 1713 1667 1767 nostri
1696 1727 1748 1765 ute·
1760 1723 1780 1763 tt

448 1797 534 1851 moria
553 1794 663 1850 eiusde
682 1811 724 1848 ine
745 1794 899 1867 opinionem
923 1811 1038 1866 attgeas:
1069 1795 1107 1850 sic
1127 1795 1198 1849 enim
1222 1793 1282 1856 liet.
1305 1804 1335 1849 ut
1356 1794 1461 1850 lucilius
1477 1812 1520 1851 me
1537 1805 1630 1852 totum
1646 1798 1675 1851 in
1691 1797 1754 1851 ami·

448 1880 539 1935 citiam
566 1879 693 1952 recipiat:
723 1896 786 1933 narn
810 1896 862 1950 ego
890 1878 964 1933 illius
988 1896 1080 1934 artiore
1109 1880 1160 1933 iam
1189 1873 1276 1934 multo
1301 1880 1380 1952 prius
1406 1889 1504 1953 captus
1525 1880 1596 1937 adeo
1619 1898 1697 1941 sum.
1726 1889 1753 1935 ot

449 1958 529 2020 etiarn
554 1969 612 2019 toto
634 1971 744 2036 pectore
764 1963 869 2036 cupiam
889 1981 1010 2035 preesens
1033 1964 1122 2019 ridere
1147 1982 1192 2018 vas
1215 1962 1281 2020 illud
1304 1964 1412 2024 lictile,·v
1429 1964 1456 2018 iu
1479 1983 1533 2038 quo
1567 1974 1663 2022 tantus
1687 1966 1753 2021 tanti
1798 2024 1803 2035 ¹

449 2050 531 2105 animi
554 2038 698 2103 tbe'saurus
720 2047 817 2108 lateat.
845 2048 952 2103 etiamsi
981 2049 1084 2122 optima
1108 2049 1167 2102 eius
1193 2065 1257 2122 pars
1285 2049 1311 2104 iu
1341 2049 1421 2103 editis
1448 2048 1527 2104 libris
1550 2059 1700 2124 appareat.
1728 2058 1754 2104 et

450 2134 586 2192 Strumos.
609 2139 639 2187 ut
660 2141 702 2188 est
724 2132 947 2193 facundissimus,
974 2129 1063 2207 nuper
1083 2125 1161 2188 arisie
1183 2133 1248 2188 mibi
1272 2133 1404 2207 quaerenti
1430 2132 1531 2188 illustri
1556 2136 1678 2208 quodam
1698 2146 1783 2190 ser-tt

451 2235 529 2273 moue
552 2227 639 2273 totum
657 2217 806 2272 llutteuum
825 2215 1009 2273 delineavcrit.
1040 2218 1141 2274 lterum
1159 2217 1224 2273 vale.
1257 2218 1354 2293 Lipsiae
1372 2221 1450 2274 Anno
1464 2218 1604 2275 dominico
1623 2219 1659 2274 11.
1669 2220 1754 2275 batt.

451 2302 620 2376 Septembris
642 2302 716 2357 Xl'll.

469 2583 691 2618 wiermannus.
952 2549 1240 2627 CLXXXXVI.
1561 2574 1740 2622 nocebo.

908 2722 1091 2803 [dtbttdt's
1109 2682 1300 2803 ¹LVIllElll'S]

813 2842 1049 2885 anvorrrssuao
1071 2844 1112 2883 nr
1136 2828 1282 2886 lornano
1305 2844 1383 2886 vrso

791 2924 979 2974 MAGISTRO
1010 2924 1176 2975 GEORGIO
1207 2925 1410 2975 SPALATINO

874 3029 894 3068 A
928 3028 1043 3069 secuta
1077 3029 1330 3071 PRINCIPALIBVS

904 3113 965 3156 SVO
982 3115 1015 3154 IN
1032 3115 1160 3157 DOMINO
1176 3115 1301 3156 meloto.

1034 3242 1169 3313 ratasvs.
1263 3238 1269 3249 ·

538 3351 665 3408 Salutem
710 3351 807 3407 blultas
831 3369 863 3407 cs
889 3360 915 3406 te
935 3351 1030 3406 literas
1049 3352 1153 3426 accepi,
1175 3352 1211 3407 mi
1235 3351 1384 3425 spalatino.
1415 3353 1555 3426 mirorque
1580 3354 1704 3410 nondum
1727 3355 1787 3410 adea

454 3447 480 3494 tc
502 3438 658 3512 pervenisse
681 3455 741 3498 eas,
764 3436 862 3511 quibus
881 3436 1011 3511 respondi
1032 3437 1086 3491 tois
1104 3454 1135 3491 ex
1158 3436 1265 3495 Rutstct
1284 3438 1401 3493 datis..

455 3565 681 3578 ..........
727 3522 797 3578 b'osa
827 3522 897 3595 apud
926 3539 975 3577 nos
997 3520 1084 3581 nulla.
1114 3521 1167 3576 nisi
1194 3519 1294 3576 bellum
1312 3522 1481 3577 Prussiuom.
1521 3480 1682 3597 Episcopus
1701 3482 1756 3579 llo·

453 3610 584 3682 guntinus
607 3607 715 3662 libellos
735 3606 845 3661 llottoui
868 3614 895 3661 et
911 3606 957 3679 epu
977 3615 1072 3662 contra
1091 3623 1187 3679 papam
1203 3606 1268 3661 editi
1285 3607 1392 3680 publice
1410 3608 1518 3663 attendat
1537 3608 1671 3668 inhiberi
1696 3627 1757 3681 pro·

453 3702 597 3749 vocaturus
620 3692 749 3747 utalum'
735 3710 769 3746 -ru
791 3700 873 3764 copiut
892 3709 978 3746 sutum
1025 3691 1160 3746 llutteous
1183 3691 1286 3764 ingenti
1308 3691 1407 3765 spiritu
1429 3692 1580 3765 accingitur
1608 3693 1636 3747 in
1661 3694 1755 3748 lloma·

453 3797 517 3834 utrm
538 3778 693 3852 pitrrtibeem
716 3777 798 3832 armis
820 3786 848 3832 et
871 3777 980 3847 ingenio
1003 3793 1060 3831 rem
1084 3784 1200 3830 tentans.
1238 3776 1372 3831 Adrianus
1387 3784 1483 3833 noster
1504 3777 1598 3833 nescio
1615 3795 1669 3851 quaa
1685 3777 1784 3832 toriae

371 3873 377 3884 '
452 3871 547 3936 raptus
571 3864 597 3917 iu
622 3880 663 3917 rue
685 3863 804 3934 graviter
826 3861 941 3922 insanit.
974 3861 1046 3916 lome
1068 3860 1236 3916 occasionem
1258 3878 1384 3934 quaereus
1406 3861 1569 3917 discedendi.
1616 3862 1685 3916 nihil
1709 3862 1755 3917 bo·

454 3947 518 4002 mini
536 3948 601 4009 leri:
633 3948 778 4002 conciones
796 3964 869 4001 meas
891 3946 1054 4007 insectatur,
1077 3954 1188 4019 palatos
1211 3963 1252 4000 me
1270 3947 1368 4001 elucere
1384 3945 1567 4018 evangelium,
1589 3947 1638 4020 qui
1653 3946 1754 4001 lloisen

453 4049 532 4087 suum
555 4050 608 4087 rtitn
633 4031 770 4104 iutelligit.
816 4031 887 4086 sarie
910 4031 1123 4104 interpretamur
1142 4030 1202 4085 eius
1224 4031 1373 4095 vesaniam:
1406 4031 1454 4088 sed
1478 4031 1550 4092 sine.
1571 4040 1684 4105 tempus
1701 4031 1756 4087 laaec

453 4115 591 4171 revolabit.
636 4116 699 4172 Vale
722 4117 749 4171 iu
771 4115 891 4172 llomiuo.
938 4115 1035 4188 vigilia
1059 4115 1203 4171 Fratrcisci.
1248 4118 1325 4170 duno
1348 4115 1474 4172 butt.

1157 4198 1288 4275 llartinus
1306 4200 1443 4257 botherus
1461 4200 1467 4273 Ι
1486 4202 1603 4274 August.
1763 4205 1784 4245 ³³

456 4383 654 4432 cuxxxxvt.
687 4381 885 4431 l=Lutberi
904 4384 974 4448 Epp.
994 4382 1064 4446 (lud.
1078 4382 1146 4432 bibl.
1160 4399 1186 4431 n.
1201 4382 1278 4446 5711
1296 4383 1319 4433 Ῑ.
1340 4382 1387 4433 tot,
1406 4380 1465 4432 284.
1518 4382 1587 4430 ²:
1606 4381 1676 4431 ibid.
1691 4382 1755 4438 511.

489 4467 510 4515 I.
525 4485 550 4531 p.
564 4466 622 4515 tot.
637 4483 675 4532 sq.
690 4484 716 4516 n.
731 4483 809 4517 ccnx.
830 4467 1007 4527 (Germanico
1027 4469 1055 4517 in
1069 4468 1180 4516 Lotders
1197 4466 1330 4531 Schriften
1347 4485 1370 4518 o.
1395 4467 1494 4517 Walclo
1509 4467 1567 4515 XV.
1581 4467 1650 4516 And.
1666 4468 1725 4530 xo.)

523 4605 695 4658 ’littoris3.
747 4605 836 4655 ’eius
850 4609 918 4656 ornis.
934 4608 959 4654 2.
970 4608 995 4658 3,
1044 4604 1230 4669 ⁸utromq;3.
1268 4601 1312 4671 ex]
1327 4622 1359 4655 ex
1373 4607 1399 4655 3.
1452 4602 1593 4654 ⁹litteriis
1606 4607 1633 4656 2.
1656 4604 1759 4654 Bonam

355 4688 359 4695 '
454 4691 524 4739 nibil
544 4699 679 4755 superest.
716 4690 737 4723 ¹¹
757 4689 849 4756 editis]
870 4694 930 4742 eius
943 4694 1003 4740 m.
1041 4688 1062 4724 ¹⁵
1081 4692 1207 4760 querenti
1220 4692 1280 4742 edd.
1317 4689 1338 4723 ¹⁸
1356 4690 1536 4741 deliniaverit
1553 4690 1614 4739 edd.
1651 4688 1674 4722 ¹¹
1693 4689 1758 4754 Sep·

454 4775 569 4824 tembris
581 4776 623 4826 27.
637 4780 663 4825 2.

522 4859 544 4891 ²⁸
561 4862 686 4911 Buttstet
704 4866 730 4911 2.
787 4859 810 4892 ²¹
828 4861 872 4910 Cf.
886 4876 969 4925 supra
988 4877 1014 4924 p.
1028 4858 1087 4909 aot,
1101 4861 1115 4921 ξ
1128 4860 1143 4908 7
1158 4865 1186 4908 et
1203 4876 1230 4908 n.
1245 4859 1422 4911 CLXXXIII.
1435 4875 1494 4924 sqq.
1564 4856 1589 4890 ⁸⁰
1607 4859 1759 4924 Mattheus

454 4944 592 4993 Adrimms
610 4947 795 4996 Lorauiensis
813 4945 961 5005 Hebraeus,
982 4946 1097 4994 uniloue
1116 4945 1267 5009 Hispanus.
1288 4945 1331 4994 ct.
1345 4942 1428 4994 Luto.
1448 4944 1483 4994 od
1495 4941 1574 5007 Spal.
1587 4958 1651 5009 epp.
1665 4944 1683 4992 2
1696 4944 1721 4993 d.
1735 4945 1759 4992 7.

455 5029 523 5078 Nor.
540 5029 613 5079 15111.
628 5036 657 5079 et
668 5031 839 5081 Melancbtb.
854 5030 889 5080 ad
902 5032 940 5079 Io.
955 5030 1037 5079 Heus,
1051 5030 1077 5078 d.
1092 5030 1117 5078 7.
1130 5030 1195 5094 Apr.
1211 5028 1286 5077 1520.
1305 5030 1435 5095 I‘oppene
1447 5027 1520 5078 Blbl.
1533 5027 1616 5094 Belg.
1630 5044 1658 5094 p.
1671 5026 1732 5078 865.

905 5151 933 5162 -v-
956 5144 1305 5163 ----·————
