4067 6209
579 761 744 811 nxxxllll.
766 774 887 808 rirrrnm
903 773 939 807 nn
952 772 1063 808 enorvu
1078 774 1107 807 ru
1121 771 1250 807 unumnu
1263 771 1417 807 celerimo.
1437 764 1496 807 lete.
1614 744 1679 814 181

387 933 488 1013 prodit
514 932 622 1000 Nemo,
656 928 744 990 nullis
771 927 820 988 ille
848 927 965 1006 quidem
995 926 1166 1024 calumniis,
1200 926 1288 987 nullis
1317 926 1461 1021 obnoxius
1490 928 1683 999 contumeliis,

386 1034 492 1114 plenus
514 1033 643 1102 fiduciae,
677 1050 733 1110 qua
758 1030 851 1090 elatus
872 1031 929 1091 hoc
952 1029 1040 1091 audet
1062 1028 1139 1089 Nihil
1168 1030 1197 1089 in
1226 1027 1322 1090 lucem
1352 1030 1518 1101 adducere,
1552 1032 1682 1109 impune,

387 1136 494 1204 medo,
517 1134 554 1194 ad
577 1152 680 1194 omnes
703 1141 838 1201 ercntuS,
862 1133 930 1210 quia
952 1132 1003 1209 qui
1017 1130 1110 1191 Nemo
1134 1138 1177 1210 est
1199 1131 1268 1208 quid
1285 1131 1381 1191 obstat
1395 1133 1566 1210 quominus
1580 1132 1752 1212 loquaqoo,

385 1243 437 1298 tur
459 1237 517 1297 hoc
539 1254 625 1296 suum
647 1234 744 1295 Nihil?
777 1233 887 1304 Quodsi
917 1251 975 1292 non
1004 1231 1173 1310 probabunt
1200 1233 1249 1310 qui
1278 1240 1420 1293 vocantur
1448 1233 1593 1312 theologi,
1628 1254 1682 1295 suo
1744 1223 1747 1232 ’

359 1350 471 1399 &more
494 1339 630 1406 iecerint3
654 1355 821 1415 quanquam
844 1334 1013 1413 probabunt
1036 1336 1125 1403 torte,
1158 1353 1224 1394 cum
1254 1342 1304 1394 aut
1332 1333 1404 1395 nihil
1435 1336 1476 1395 eis
1498 1335 1611 1413 placeat
1633 1345 1683 1397 aut

387 1440 522 1518 quaedam
546 1441 638 1517 magis
660 1457 748 1517 quam
771 1437 864 1498 Nemo
887 1443 970 1516 putat
992 1435 1078 1496 Nihil.
1110 1435 1216 1513 quibus
1231 1434 1339 1514 aliquid
1355 1455 1453 1496 mcum
1469 1455 1680 1517 nonnunquam

386 1541 545 1601 ostendens
568 1540 654 1600 ‘Ecce
676 1540 759 1600 robis
780 1537 861 1598 nilril'
885 1539 1000 1616 inquio,
1026 1537 1072 1597 ‘ab
1095 1556 1130 1597 co
1153 1539 1202 1615 qui
1225 1555 1279 1614 per
1301 1556 1351 1596 vos
1374 1545 1418 1596 est
1441 1538 1529 1599 nihil’.
1559 1539 1601 1599 lbi
1617 1548 1751 1601 ruinoso.

386 1650 523 1703 accurate
546 1642 647 1719 legunt
669 1642 874 1718 investigantes
902 1658 972 1699 num
1001 1638 1128 1699 haeresin
1157 1639 1263 1716 sapiat,
1293 1646 1321 1698 et
1350 1640 1446 1699 statim
1469 1641 1563 1719 siquid
1585 1644 1683 1703 minus

387 1742 500 1821 placet,
524 1761 692 1822 quanquam
715 1742 830 1802 sithoc
853 1740 940 1809 nihil,
965 1747 1097 1810 enotant;
1121 1740 1188 1800 inde
1211 1743 1238 1799 in
1263 1740 1402 1799 articulos
1424 1749 1519 1802 errata
1535 1743 1681 1820 digerunt,

353 1853 455 1906 rosunt
478 1845 555 1905 enim
578 1842 795 1922 pensiculandis
817 1844 969 1903 bominum
992 1841 1179 1903 sermonibus
1194 1843 1271 1901 acuti
1287 1840 1369 1901 valde
1385 1842 1498 1914 iudicii;
1521 1843 1571 1904 ubi
1586 1845 1681 1923 siquid

355 1978 357 1980 >
386 1946 523 2015 offendit,
548 1947 674 2006 frontem
698 1946 890 2014 contrahunt,
913 1944 994 2004 labra
1019 1945 1227 2022 exporrigunt,
1250 1961 1355 2003 nasum
1378 1945 1577 2021 suspendunt,
1609 1964 1681 2004 non·

385 2066 536 2126 uunquam
571 2048 624 2108 ‘dd
647 2049 760 2124 ignem,
795 2047 830 2106 ad
855 2045 961 2123 ignem'
995 2046 1184 2124 ingeminant.
1229 2064 1315 2123 quam
1341 2046 1534 2107 colluvionem
1563 2065 1682 2107 movere

385 2155 481 2209 tutum
503 2167 562 2208 non
586 2155 645 2217 est,
669 2166 729 2206 non
751 2150 844 2226 magis
868 2166 957 2226 quam
979 2167 1047 2208 cum
1070 2147 1202 2207 sentibus
1224 2146 1329 2207 luctari
1351 2155 1401 2209 aut
1416 2166 1546 2226 praesens
1561 2146 1679 2227 aliquod

386 2249 463 2309 ultro
478 2249 534 2309 sibi
548 2250 658 2311 malum
673 2267 835 2310 accersere.
874 2249 957 2327 Apud
975 2250 1030 2309 lros
1046 2255 1164 2309 cautum
1180 2255 1238 2317 est,
1263 2249 1370 2326 nequid
1380 2256 1498 2311 temere
1513 2249 1678 2329 loquamur,
1689 2267 1748 2318 esi.

352 2351 577 2411 rsmctuendum
601 2371 694 2430 genus
716 2352 883 2420 hominum,
921 2369 955 2411 ac
984 2351 1038 2410 lari
1068 2352 1165 2411 omnia
1194 2348 1327 2419 solit'um,
1361 2351 1463 2412 audire
1490 2351 1570 2412 nibil.
1616 2354 1681 2430 quis

385 2451 508 2513 liberius
530 2455 606 2512 enim
631 2454 724 2530 carpit
746 2455 812 2512 vitia
835 2470 913 2511 nunc
936 2470 1024 2529 quam
1047 2453 1092 2511 isti
1116 2452 1281 2530 sapientes?
1304 2452 1393 2512 immo
1416 2454 1481 2531 quis
1504 2453 1681 2530 petulantius

384 2572 504 2633 (proquo
527 2554 587 2614 rull
609 2555 772 2615 invehitur?
799 2554 830 2615 Si
852 2571 967 2631 plancas
988 2554 1044 2630 ipsi
1066 2554 1182 2614 iuterim
1206 2554 1353 2632 quomodo
1377 2555 1485 2624 rirant,
1509 2555 1630 2633 pallium
1653 2564 1682 2616 et

384 2655 533 2716 cucullum
555 2656 711 2718 ostendere
733 2657 802 2716 satis
824 2655 951 2724 babent;
986 2655 1091 2735 quodsi
1113 2653 1184 2715 nibil
1212 2656 1308 2725 dicas,
1343 2656 1383 2716 ibi
1404 2664 1467 2716 tum
1489 2659 1519 2717 in
1542 2658 1681 2718 articulos

384 2765 467 2817 tumn
491 2760 624 2819 referunt
652 2775 775 2827 nomem
811 2758 988 2818 ‘Probarunt
1015 2758 1066 2817 tot’
1094 2758 1231 2836 inquiunt
1259 2758 1438 2836 pontifices,
1468 2777 1500 2819 ac
1529 2759 1691 2839 privilegia

349 2860 554 2936 coprolerunt,
578 2859 689 2938 tibique
710 2860 866 2938 negocium
889 2861 1013 2928 iaciunt,
1038 2859 1146 2920 malum
1177 2861 1343 2922 minitantes
1371 2862 1400 2921 ni
1422 2860 1598 2939 palinodiam
1629 2881 1678 2923 oc·
1735 2890 1738 2897 ·

384 2961 473 3020 curas.
519 2960 651 3038 Longum
675 2969 752 3021 esset
774 2961 906 3022 seribere
927 2961 994 3030 tibi,
1018 2962 1134 3039 quoties
1155 2960 1212 3021 illis
1234 2963 1290 3021 ianr
1314 2962 1463 3039 displicui,
1493 2962 1587 3024 donec
1609 2980 1746 3030 con-§.or¹

383 3063 462 3123 sensi
484 3064 513 3121 in
535 3062 592 3121 lroc
614 3061 706 3129 Nihil,
735 3064 813 3139 quod
836 3064 904 3141 quia
927 3062 998 3123 nilril
1022 3071 1079 3132 est,
1109 3062 1178 3123 nibil
1201 3063 1238 3123 ab
1261 3064 1316 3124 illis
1338 3065 1385 3133 lit;
1399 3099 1401 3105 ·
1415 3069 1444 3123 et
1466 3065 1584 3123 omnino
1608 3085 1677 3125 con-

384 3181 499 3224 cessum
523 3171 567 3222 est
589 3146 666 3223 Nihil
689 3164 762 3231 dici,
796 3170 846 3224 aut
869 3164 1021 3224 Neminem
1045 3164 1158 3234 dicere,
1192 3165 1246 3225 bac
1273 3164 1330 3224 lata
1358 3164 1423 3241 lege
1457 3165 1538 3225 ‘nihil
1560 3167 1677 3229 dixeris'

383 3270 433 3324 aut
456 3276 551 3325 ‘nemo
575 3264 674 3325 dicere
696 3265 819 3326 amleat'.
864 3266 957 3343 Atque
973 3267 1011 3326 ita
1028 3285 1075 3326 me
1090 3273 1191 3336 tueor,
1215 3267 1388 3344 prudentius
1410 3284 1497 3344 quam
1519 3266 1568 3326 ubi
1585 3274 1746 3345 quen-oda.

348 3365 450 3426 asdam
467 3365 536 3425 olim
553 3385 587 3425 ex
611 3365 656 3424 lris
678 3365 852 3426 crabronem
875 3367 1064 3427 veliementer
1087 3367 1251 3436 irritabam,
1276 3388 1342 3428 cum
1366 3368 1494 3428 dicerem
1516 3367 1588 3428 uilril
1603 3370 1678 3430 scire

383 3485 461 3526 nunc
484 3466 637 3544 theologos
659 3467 736 3545 quod
760 3487 818 3526 non
842 3469 956 3528 discere
985 3471 1050 3546 quis
1078 3469 1120 3529 rel
1150 3471 1212 3529 sinc
1241 3478 1424 3549 preceptore
1452 3471 1552 3548 possit.
1598 3471 1677 3548 quod

382 3588 482 3629 meum
504 3568 651 3646 piaculare
673 3569 811 3638 verbum,
835 3589 893 3648 quo
917 3570 955 3629 dii
978 3568 1047 3628 boni
1071 3569 1227 3648 supercilio
1252 3579 1406 3648 exceptum
1430 3579 1487 3640 est:
1520 3591 1584 3650 quae
1607 3591 1676 3631 con·

383 3668 543 3738 clusiones,
574 3678 646 3748 quot
675 3669 849 3749 syllogismi,
883 3677 989 3749 quauta
1013 3671 1229 3750 enthymemata
1252 3679 1352 3732 secuta
1374 3674 1455 3732 sunt!
1492 3672 1677 3733 obtundebar

382 3771 507 3840 interlin
531 3771 629 3831 atille
651 3773 743 3832 iratus
765 3773 901 3839 dominus
923 3773 1049 3850 virgines
1072 3772 1288 3849 deprecatrices
1310 3791 1433 3850 poscere
1457 3773 1621 3843 videbatur,
1646 3782 1677 3835 ut

349 3874 455 3933 aomibi
478 3874 627 3951 propicius
650 3880 743 3943 esset;
768 3876 813 3935 eui
836 3876 932 3935 omnia
956 3874 1142 3935 concludenti
1164 3876 1260 3934 omnia
1284 3875 1430 3945 concessi,
1453 3875 1577 3936 herbam
1598 3877 1677 3954 quod

383 3976 464 4033 aiunl
486 3976 656 4052 porrigenS,
679 3977 709 4034 in
732 3975 788 4035 boe
811 3977 898 4036 etiam
922 3995 1077 4045 assensus,
1101 3984 1243 4053 utsupra
1267 3974 1417 4055 vulgarem
1439 3978 1501 4054 ipse
1525 3978 1676 4039 bominum

383 4084 493 4135 sortem
515 4078 643 4136 numinis
665 4075 731 4137 loco
753 4078 804 4146 sit,
828 4096 882 4156 ego
906 4078 976 4137 nihil
999 4079 1103 4146 sciam,
1133 4078 1205 4138 nihil
1228 4080 1297 4148 sim,
1327 4080 1465 4159 quodque
1488 4080 1592 4141 doctus
1614 4082 1676 4160 ipse

383 4176 492 4255 fulgeat
520 4180 602 4256 quasi
629 4177 769 4256 splendor
796 4180 987 4249 firmamenti,
1025 4199 1079 4259 ego
1108 4181 1137 4239 in
1166 4180 1211 4240 his
1237 4181 1406 4242 delitescam
1434 4182 1564 4243 tenebris
1592 4185 1674 4251 meis,

383 4278 431 4339 ubi
455 4279 534 4357 loqui
556 4279 627 4339 nibil
649 4279 743 4341 liceat.
789 4280 967 4360 Capnionem
990 4282 1027 4342 ab
1050 4284 1139 4344 animi
1159 4284 1359 4362 magnitudine
1375 4285 1469 4345 omnis
1485 4285 1676 4347 admirabitur
1685 4294 1744 4345 §.³⁴-

458 4481 583 4533 ³Nemo.
607 4499 686 4548 marg.
700 4485 732 4533 Ι).
815 4482 961 4551 ‘Thelogi
980 4486 1014 4535 Α.
1102 4485 1237 4551 Theologi
1256 4485 1364 4537 morosi.
1383 4503 1462 4552 uturp.
1475 4490 1507 4537 D.
1588 4486 1676 4538 ⁷Mos

380 4567 589 4633 Theologorum.
609 4569 730 4633 morpl).
812 4566 887 4635 ⁰sit]
907 4569 975 4619 lito.
1060 4570 1080 4602 ¹²
1097 4569 1139 4620 Ad
1158 4571 1258 4635 ignem.
1277 4572 1397 4635 marpli.
1486 4570 1506 4602 ¹⁵
1523 4572 1673 4621 Metuendir

380 4667 466 4718 genus
484 4652 632 4702 hominum.
651 4656 770 4718 marpl).
847 4654 926 4704 uihil.
940 4656 975 4705 A.
1059 4654 1257 4704 10ΙιιιοΑθῦ
1337 4652 1358 4685 ¹⁸
1377 4653 1490 4720 Quodsi]
1510 4657 1568 4704 edd.
1582 4656 1675 4705 labent

379 4737 468 4799 Quam
487 4738 511 4786 si
575 4738 607 4787 In
626 4738 766 4789 articulos.
785 4742 904 4803 morel).
962 4739 984 4771 ²⁰
1002 4738 1217 4805 nogotiumBO.
1284 4735 1307 4767 ²³
1326 4737 1400 4787 Nihil
1419 4739 1530 4789 dixeris.
1550 4743 1671 4805 nrarpll.

377 4818 399 4851 ²⁴
417 4822 503 4871 Nemo
522 4822 615 4873 dicero
635 4824 746 4874 audeat.
765 4826 884 4889 marpli.
937 4820 1231 4875 ²⁵³⁸Be11aniscoria.
1250 4824 1371 4888 marpli.
1432 4821 1454 4854 ²⁷
1473 4823 1544 4888 quod
1562 4825 1601 4873 dii
1614 4829 1671 4876 Μ.

377 4904 833 4973 ²⁸Enthimematalequuta.AC.
904 4909 1018 4976 sequuta
1032 4911 1064 4959 D.
1133 4906 1266 4958 ²⁹infelix
1279 4909 1376 4958 Md.
1441 4909 1511 4975 virg.
1526 4909 1613 4977 depe]
1637 4913 1672 4963 cl.

376 4990 438 5040 Lir.
453 4991 474 5040 1.
488 4990 513 5042 9.
555 4990 836 5058 ”propitiuslidd
886 4995 1000 5046 herbam
1027 4993 1370 5060 porrigere=victoriom
1390 4993 1501 5055 cedere,
1521 4996 1674 5046 sericium

378 5075 471 5124 lateri.
542 5074 564 5107 ³⁴
587 5079 626 5128 lo.
646 5078 816 5130 Reuohlinus
834 5077 1008 5129 Phorcenlis.
1027 5094 1106 5144 rrrarp.
1116 5080 1147 5128 D.
