4067 6209
442 797 522 850 CLV.
543 814 626 849 avar.
639 813 676 848 an
689 812 801 849 raanvu.
816 812 943 847 avarsus
957 812 1044 848 rann.
1059 812 1094 848 ns
1108 812 1154 847 vu.
1169 812 1246 847 acen.
1262 811 1398 848 couseav.
1420 803 1478 849 ttae.
1533 782 1607 855 327

311 981 340 1033 et
363 991 396 1032 ea
422 970 646 1049 reprehendam
672 988 738 1048 quae
763 970 871 1045 corrigi
893 975 1029 1046 possunt,
1059 969 1335 1049 occurrendumque
1358 969 1469 1028 sithoc
1491 971 1606 1048 potissi-

310 1093 389 1135 mum
411 1082 560 1151 tempore,
583 1075 758 1150 siunquam
780 1073 876 1150 prius,
899 1070 1025 1149 publice
1047 1072 1174 1139 imeres,
1199 1078 1229 1132 et
1249 1089 1354 1149 magna
1372 1072 1411 1131 sit
1433 1090 1510 1132 nune
1529 1072 1606 1132 laeto
1657 1146 1660 1155 Ι

310 1179 355 1236 isti
383 1177 601 1254 opportunitas,
630 1176 668 1233 ita
696 1173 919 1233 accelerandum
949 1176 977 1233 iu
1005 1192 1038 1232 re
1067 1172 1225 1233 arbitratus
1247 1193 1327 1241 sum,
1355 1181 1387 1235 ut
1408 1178 1474 1252 quia
1498 1175 1606 1235 diutius

309 1278 392 1336 abest
410 1295 498 1355 quam
517 1276 677 1336 multorum
701 1277 863 1353 expectatio
886 1276 974 1342 ferat,
999 1280 1068 1334 tuus
1090 1274 1196 1342 frater,
1219 1275 1270 1335 tibi
1293 1276 1463 1336 inculcanda
1487 1277 1604 1335 interim

288 1379 443 1458 ⁵quaedam
466 1379 644 1445 existimem,
675 1395 741 1455 quae
762 1383 793 1436 tu
817 1395 883 1436 eum
906 1375 953 1435 illo
974 1383 1073 1454 postea
1095 1379 1302 1437 communices
1348 1377 1433 1449 Qriod
1456 1396 1523 1438 eum
1548 1380 1673 1441 nri-rao.

309 1482 387 1540 nime
407 1480 504 1540 adhuc
525 1481 685 1556 cogitarem
706 1496 817 1556 nuper,
841 1478 895 1538 alia
916 1479 992 1537 enim
1014 1478 1138 1554 agebam
1156 1485 1240 1548 tune,
1263 1478 1338 1540 forte
1360 1480 1478 1540 fortuna
1496 1478 1603 1539 librum

310 1585 338 1641 in
359 1581 535 1642 bibliotheca
558 1580 711 1648 Fuldensi,
736 1599 802 1658 quen
825 1581 940 1639 codices
962 1579 1052 1639 habet
1074 1580 1156 1640 valde
1182 1580 1289 1640 multos
1311 1589 1425 1642 veteres
1448 1590 1477 1642 et
1498 1580 1627 1648 bonos,=

310 1685 403 1742 inveni
421 1684 621 1742 vetustissimis
635 1684 778 1758 scriptum
796 1680 1030 1749 characteribus,
1055 1682 1138 1741 cuius
1160 1683 1190 1741 in
1209 1682 1306 1743 fronte
1329 1702 1426 1763 neque
1443 1684 1512 1763 quid
1532 1700 1602 1742 con·

310 1787 412 1852 tineat,
436 1770 532 1862 neq'ue
550 1802 609 1862 quo
629 1782 753 1842 authore
773 1785 900 1859 scriptus
921 1784 971 1859 sit,
995 1782 1134 1842 indicium
1154 1782 1246 1843 ullum
1267 1793 1346 1845 erat:
1374 1787 1413 1844 ita
1428 1788 1491 1846 siue
1508 1783 1602 1852 titulo,

277 1889 371 1945 tosiue
398 1885 568 1962 praefatione
597 1892 686 1963 caput
713 1891 766 1944 est.
811 1885 911 1960 accepi
938 1885 966 1942 in
994 1901 1112 1952 manus,
1148 1885 1285 1963 quiddam
1310 1886 1505 1963 praesagiebat
1532 1885 1603 1945 mihi

298 1983 422 2046 'animus
445 1988 538 2055 enim,
565 1994 594 2046 et
618 1994 650 2045 ut
677 1993 739 2046 erat
767 1985 938 2064 pulveribus
960 1984 1087 2053 obsitus,
1118 1989 1249 2056 excussi;
1282 1987 1414 2066 quedam
1439 1988 1512 2066 legi,
1540 1986 1602 2065 pla·

309 2090 382 2157 cuit;
416 2090 555 2148 continuo
584 2086 685 2165 plura,
715 2105 783 2147 mox
808 2094 900 2148 totum
929 2088 1081 2164 percurri,
1117 2089 1222 2164 raptim
1248 2090 1390 2165 primunr,
1421 2096 1488 2168 post
1515 2087 1611 2167 paulo¹

309 2191 487 2250 accuratius:
518 2192 643 2265 cognovi
666 2191 816 2249 inventum
838 2188 950 2256 nobile,
972 2206 1037 2248 rem
1060 2192 1186 2267 tempori
1207 2190 1473 2259 accommodatam,
1500 2197 1529 2252 et
1551 2191 1601 2250 de·

283 2293 423 2369 ,syderio
451 2292 680 2369 uniuscuiusque
706 2289 775 2350 boni
802 2307 990 2367 summopere
1016 2291 1218 2368 expetendam.
1261 2290 1312 2350 Eat
1332 2293 1409 2351 enim
1431 2293 1467 2352 de
1492 2294 1669 2358 unitataeu.

276 2391 439 2452 eecclesiae
465 2370 677 2460 eovrservanda,
706 2392 743 2451 de
768 2392 865 2451 officio
889 2391 957 2450 boni
981 2393 1139 2467 pontificis,
1169 2392 1205 2451 de
1231 2393 1406 2454 authoritate
1428 2392 1604 2453 sacerdotali

308 2502 337 2554 et
367 2495 480 2571 imperii
504 2494 629 2553 llomani
657 2494 795 2569 dignitate
819 2495 1017 2570 conscriptus:
1050 2499 1112 2553 tum
1135 2493 1260 2553 schisma
1283 2494 1458 2564 detestatur,
1483 2496 1601 2555 seditio·

308 2614 360 2654 nes
382 2603 411 2655 ct
434 2595 594 2655 discordias
616 2594 703 2663 tollit,
727 2614 829 2672 pacem
847 2595 987 2672 praedicat
1008 2601 1037 2654 et
1059 2595 1186 2655 studium
1210 2597 1337 2656 veritatis
1359 2597 1483 2665 adserit;
1514 2603 1601 2673 atque

307 2699 404 2756 omnia
427 2696 489 2755 haee
511 2696 677 2772 evangelica
699 2695 832 2756 doctriua
854 2704 883 2755 et
903 2696 1104 2773 apostolorum
1127 2715 1161 2755 ac
1184 2695 1395 2774 prophetarum
1419 2698 1501 2758 fulcit
1520 2698 1600 2757 testi-

307 2800 420 2857 moniis.
462 2797 557 2857 Exilui
585 2797 705 2872 gaudio,
735 2800 773 2856 ita
800 2816 847 2856 nie
876 2797 1008 2857 Christus
1032 2803 1124 2865 amet,
1155 2805 1184 2857 et
1212 2797 1308 2858 laetitia
1338 2799 1478 2867 exultavi,
1508 2800 1669 2875 maginare.

272 2902 394 2959 aeetiam
417 2899 566 2958 inveniens
587 2899 665 2977 quod
692 2917 751 2957 nou
774 2902 961 2977 quaesieram,
990 2899 1042 2958 sed
1070 2899 1148 2977 quod
1173 2906 1236 2959 erat
1264 2899 1371 2978 alioqui
1398 2908 1496 2961 tamen
1522 2919 1600 2979 quae·

307 3000 446 3067 rendum,
471 3001 604 3077 quamsi
627 3000 723 3059 dedita
745 3018 834 3078 opera
854 3001 1035 3069 incidissem,
1062 3002 1217 3078 statimque
1239 3003 1317 3060 venit
1337 3002 1366 3061 in
1381 3008 1510 3062 mentem
1530 3002 1601 3062 mihi

307 3103 393 3162 huius
414 3101 565 3161 Menandri
587 3101 738 3162 sententiaa

514 3200 644 3279 ἔρχεται
665 3190 809 3280 τάληθὲς
832 3200 878 3273 εἰς
899 3197 971 3281 φώς
992 3190 1096 3262 ἐνίοτ’
1112 3190 1154 3263 οὐ
1177 3191 1390 3281 ζητούμενον.

306 3304 415 3375 Quodsi
438 3303 577 3363 adfuisset
600 3311 669 3364 tune
690 3303 826 3372 Carolus,
857 3312 888 3364 ut
913 3323 992 3364 eram
1021 3306 1176 3381 inopinata
1198 3303 1302 3363 laetifice
1325 3305 1455 3363 concitus
1476 3304 1668 3379 impetente.

269 3406 341 3465 asad
362 3408 457 3483 ipsum
479 3406 695 3483 procurrissem
718 3424 825 3466 munus
848 3406 904 3465 hoc
927 3407 1069 3474 oflerenS,
1093 3408 1226 3465 nonnisi
1246 3407 1384 3473 sexionis,
1413 3412 1445 3464 ut
1466 3404 1537 3464 mihi
1560 3406 1599 3464 vi-

305 3507 406 3574 detur,
428 3506 574 3589 dignum,
602 3514 809 3584 putassemque
839 3508 896 3567 hoc
925 3507 1035 3566 faciens
1065 3524 1203 3583 magnum
1231 3526 1278 3567 me
1305 3507 1453 3585 quidpiam
1484 3512 1513 3565 et
1541 3522 1600 3564 non

254 3676 262 3688 Ι
305 3609 401 3683 cvi‘gui
424 3610 518 3667 meriti
541 3607 665 3667 dedisse.
710 3607 782 3668 Nam
808 3609 886 3670 lroud
917 3608 1086 3668 dubitabam
1114 3627 1303 3686 sunxvnopere
1331 3608 1388 3668 hoe
1417 3607 1455 3667 illi
1483 3612 1599 3683 gratum

305 3709 451 3776 futurum,
475 3710 716 3786 confidenterque
737 3710 894 3770 credebam
914 3711 970 3770 hoe
992 3710 1029 3770 ab
1053 3728 1088 3771 eo
1107 3710 1217 3770 lactum
1237 3728 1291 3787 pro
1311 3712 1356 3769 sui
1371 3710 1509 3784 dignitate
1524 3709 1599 3767 aesti·

305 3818 413 3868 rixatum
435 3812 486 3877 iri,
509 3811 724 3871 intellecturum
747 3814 842 3889 ipsum
866 3830 935 3871 vero
956 3811 1090 3871 nonnihd
1116 3830 1180 3871 esse
1202 3814 1231 3871 in
1254 3830 1302 3871 me
1331 3829 1389 3889 quo
1418 3808 1500 3870 vobis
1528 3826 1597 3887 pro·

268 3934 294 3975 oo
305 3912 389 3970 desse
405 3914 522 3988 possim.
563 3915 634 3986 Quae
649 3932 713 3974 esse
727 3920 825 3991 potest
843 3915 919 3972 enim
942 3914 1098 3991 pretiosior
1120 3931 1226 3990 opera,
1246 3932 1334 3992 quam
1357 3913 1446 3989 siquis
1466 3929 1516 3970 vos
1535 3928 1669 3979 ser-§.ra

306 4013 365 4071 vire
388 4031 447 4071 uon
470 4016 655 4091 permiserit?
685 4015 855 4075 Servierunt
874 4016 950 4074 enirn
967 4014 1106 4074 llomanis
1121 4015 1321 4093 pontific-ilum,
1342 4015 1520 4080 servierunt,
1544 4029 1599 4089 pro

305 4113 415 4189 pudor,
436 4122 580 4193 quotquot
607 4134 642 4175 ex
665 4117 819 4177 Germanis
841 4116 1069 4193 imperatoribus
1089 4124 1139 4177 aut.
1156 4117 1231 4177 urbe
1250 4117 1343 4178 lloma
1366 4114 1420 4176 illis
1438 4123 1599 4183 cesserunt,

304 4222 353 4274 aut
377 4216 518 4276 scelerate
541 4218 709 4276 erm-utitem
735 4219 914 4278 Constantini
937 4217 1124 4278 donationem
1144 4225 1238 4278 ratam
1260 4218 1441 4287 habueruut,
1472 4226 1521 4279 aut
1541 4220 1599 4279 ius-

304 4316 459 4376 iurandum
483 4320 552 4377 iuito
572 4320 737 4394 principatu
754 4320 936 4379 reddendum
961 4319 1018 4379 illis
1038 4320 1158 4396 digitum
1182 4322 1342 4389 diruerunt,
1367 4327 1416 4380 aut
1437 4320 1473 4380 ab
1496 4338 1599 4380 eorum

268 4417 427 4493 ospedibus
447 4426 626 4497 acceperuut
647 4420 1032 4496 imperatoriumdiadema,
1058 4429 1104 4481 aut
1125 4424 1298 4482 senteutiam
1317 4424 1347 4482 in
1362 4440 1394 4480 se
1410 4422 1509 4481 dicere
1524 4422 1601 4499 passi

302 4525 384 4585 suxit,
408 4526 457 4580 aut
479 4538 531 4580 sua
552 4521 645 4581 edicta
667 4538 794 4600 suasque
816 4521 896 4599 leges
918 4522 954 4582 ab
978 4522 1095 4583 illorum
1119 4522 1373 4584 constitutionibus
1394 4524 1537 4600 supprimi
1556 4528 1601 4581 tu·

371 4773 686 4839 ¹reprehendam2...f.
733 4772 963 4840 ’umquamm
1017 4774 1078 4824 fato
1096 4773 1344 4839 protact0)2...4.
1398 4772 1601 4838 ⁴exapectatio

303 4858 378 4906 m.
437 4858 669 4909 'auetore2...f.
736 4857 792 4890 Μ
811 4859 951 4910 desiderio
964 4863 1038 4910 LA.
1098 4857 1395 4910 ¹⁵auctoritate2...f.
1455 4855 1600 4907 ¹'Exsilul

303 4946 378 4993 2...d.
449 4944 586 4993 exsultavi
601 4946 675 4995 2...f.
756 4941 778 4975 ¹²
796 4943 951 5010 Menandri]
971 4962 1014 5011 ap.
1034 4943 1109 4994 stob.
1124 4942 1198 4992 Flor.
1211 4944 1259 4993 XI.
1276 4944 1314 4995 lo.
1334 4944 1431 5009 „venit
1448 4945 1554 4994 veritas
1573 4943 1601 4991 in

302 5028 392 5078 lucem
411 5029 547 5078 interdum
560 5046 612 5080 noc
626 5030 769 5096 quaesita''.
790 5027 834 5077 cf.
847 5029 952 5093 Fgmm.
967 5034 1072 5095 poetar.
1086 5043 1165 5078 novar
1184 5043 1253 5078 com.
1269 5029 1311 5079 ed.
1321 5028 1460 5079 Meinelve.
1476 5026 1548 5076 1841.
1562 5026 1598 5076 8⁰.

302 5129 329 5177 p.
338 5112 393 5162 tue.
447 5111 469 5144 ⁸³
488 5104 580 5164 ἐνίοτε
593 5116 652 5164 edd.
705 5110 726 5146 ³¹
745 5113 900 5179 prohm.
952 5111 974 5146 ³⁸
993 5113 1160 5164 reddendam
1173 5116 1233 5164 Μ.
