<?xml version="1.0" encoding="UTF-8"?>
<!DOCTYPE html PUBLIC "-//W3C//DTD XHTML 1.0 Transitional//EN"
    "http://www.w3.org/TR/xhtml1/DTD/xhtml1-transitional.dtd">
<html xmlns="http://www.w3.org/1999/xhtml" xml:lang="en" lang="en">
 <head>
  <title>
</title>
<meta http-equiv="Content-Type" content="text/html;charset=utf-8" />
  <meta name='ocr-system' content='tesseract 3.04.00' />
  <meta name='ocr-capabilities' content='ocr_page ocr_carea ocr_par ocr_line ocrx_word'/>
</head>
<body>
  <div class='ocr_page' id='page_1' title='image "./ulrichihuttenie03huttgoog_0445.png"; bbox 0 0 4067 6209; ppageno 0'>
   <div class='ocr_carea' id='block_1_1' title="bbox 476 746 1594 819">
    <p class='ocr_par' dir='ltr' id='par_1_1' title="bbox 476 746 1594 819">
     <span class='ocr_line' id='line_1_1' title="bbox 476 746 1594 819; baseline -0.001 -7"><span class='ocrx_word' id='word_1_1' title='bbox 476 758 557 812; x_wconf 79' lang='lat' dir='ltr'>CXL.</span> <span class='ocrx_word' id='word_1_2' title='bbox 578 775 661 812; x_wconf 80' lang='lat' dir='ltr'>caera</span> <span class='ocrx_word' id='word_1_3' title='bbox 674 776 792 812; x_wconf 79' lang='lat' dir='ltr'>avaram</span> <span class='ocrx_word' id='word_1_4' title='bbox 806 777 841 811; x_wconf 85' lang='lat' dir='ltr'>an</span> <span class='ocrx_word' id='word_1_5' title='bbox 855 776 1135 812; x_wconf 76' lang='lat' dir='ltr'>uanrrn.nvraenvu</span> <span class='ocrx_word' id='word_1_6' title='bbox 1148 778 1190 812; x_wconf 83' lang='lat' dir='ltr'>nr.</span> <span class='ocrx_word' id='word_1_7' title='bbox 1210 778 1235 812; x_wconf 85' lang='lat' dir='ltr'>n.</span> <span class='ocrx_word' id='word_1_8' title='bbox 1251 769 1283 812; x_wconf 86' lang='lat' dir='ltr'>to.</span> <span class='ocrx_word' id='word_1_9' title='bbox 1298 776 1358 813; x_wconf 82' lang='lat' dir='ltr'>ocr.</span> <span class='ocrx_word' id='word_1_10' title='bbox 1375 769 1433 812; x_wconf 77' lang='grc'><strong>1119.</strong></span> <span class='ocrx_word' id='word_1_11' title='bbox 1527 746 1566 819; x_wconf 80' lang='grc'><strong>31</strong></span> <span class='ocrx_word' id='word_1_12' title='bbox 1583 746 1594 819; x_wconf 87' lang='lat' dir='ltr'>l</span> 
     </span>
    </p>
   </div>
   <div class='ocr_carea' id='block_1_2' title="bbox 216 930 1681 4407">
    <p class='ocr_par' dir='ltr' id='par_1_2' title="bbox 216 930 1681 4407">
     <span class='ocr_line' id='line_1_2' title="bbox 289 930 1668 1018; baseline 0.001 -24"><span class='ocrx_word' id='word_1_13' title='bbox 289 938 403 998; x_wconf 87' lang='lat' dir='ltr'>locum,</span> <span class='ocrx_word' id='word_1_14' title='bbox 416 936 541 993; x_wconf 84' lang='lat' dir='ltr'>Christus</span> <span class='ocrx_word' id='word_1_15' title='bbox 558 945 741 1011; x_wconf 88' lang='lat' dir='ltr'>postremum:</span> <span class='ocrx_word' id='word_1_16' title='bbox 764 936 832 993; x_wconf 94' lang='lat' dir='ltr'>nihil</span> <span class='ocrx_word' id='word_1_17' title='bbox 850 937 893 994; x_wconf 88' lang='lat' dir='ltr'>hie</span> <span class='ocrx_word' id='word_1_18' title='bbox 908 936 1035 1011; x_wconf 82' lang='lat' dir='ltr'>fingitur:</span> <span class='ocrx_word' id='word_1_19' title='bbox 1054 938 1166 1011; x_wconf 89' lang='lat' dir='ltr'>qnando</span> <span class='ocrx_word' id='word_1_20' title='bbox 1181 938 1358 1013; x_wconf 76' lang='lat' dir='ltr'>progreditur</span> <span class='ocrx_word' id='word_1_21' title='bbox 1376 936 1382 1010; x_wconf 89' lang='grc' dir='ltr'>Ι</span> <span class='ocrx_word' id='word_1_22' title='bbox 1401 937 1456 995; x_wconf 82' lang='lat' dir='ltr'>llea</span> <span class='ocrx_word' id='word_1_23' title='bbox 1474 930 1541 1018; x_wconf 72' lang='lat' dir='ltr'>{sot</span> <span class='ocrx_word' id='word_1_24' title='bbox 1553 949 1598 993; x_wconf 80' lang='lat'>1³¹.</span> <span class='ocrx_word' id='word_1_25' title='bbox 1610 948 1630 1000; x_wconf 74' lang='lat' dir='ltr'>t.</span> <span class='ocrx_word' id='word_1_26' title='bbox 1638 951 1668 996; x_wconf 86' lang='grc'>11.</span> 
     </span>
     <span class='ocr_line' id='line_1_3' title="bbox 304 1022 1601 1099; baseline 0.002 -20"><span class='ocrx_word' id='word_1_27' title='bbox 304 1023 485 1084; x_wconf 81' lang='lat' dir='ltr'>sacrificulus,</span> <span class='ocrx_word' id='word_1_28' title='bbox 510 1031 550 1078; x_wconf 88' lang='lat' dir='ltr'>tot</span> <span class='ocrx_word' id='word_1_29' title='bbox 565 1022 733 1085; x_wconf 83' lang='lat' dir='ltr'>Cardinales,</span> <span class='ocrx_word' id='word_1_30' title='bbox 759 1032 800 1079; x_wconf 88' lang='lat' dir='ltr'>tot</span> <span class='ocrx_word' id='word_1_31' title='bbox 813 1023 1034 1087; x_wconf 74' lang='lat' dir='ltr'>prothonotarii,</span> <span class='ocrx_word' id='word_1_32' title='bbox 1058 1032 1100 1080; x_wconf 89' lang='lat' dir='ltr'>tot</span> <span class='ocrx_word' id='word_1_33' title='bbox 1114 1024 1254 1099; x_wconf 84' lang='lat' dir='ltr'>Episcopi,</span> <span class='ocrx_word' id='word_1_34' title='bbox 1279 1033 1321 1081; x_wconf 91' lang='lat' dir='ltr'>tot</span> <span class='ocrx_word' id='word_1_35' title='bbox 1334 1023 1443 1097; x_wconf 80' lang='lat' dir='ltr'>Legati,</span> <span class='ocrx_word' id='word_1_36' title='bbox 1469 1032 1509 1080; x_wconf 90' lang='lat' dir='ltr'>tot</span> <span class='ocrx_word' id='word_1_37' title='bbox 1529 1024 1601 1082; x_wconf 71' lang='lat' dir='ltr'>Prae</span> 
     </span>
     <span class='ocr_line' id='line_1_4' title="bbox 305 1108 1600 1183; baseline 0.002 -19"><span class='ocrx_word' id='word_1_38' title='bbox 305 1108 403 1183; x_wconf 85' lang='lat' dir='ltr'>positi,</span> <span class='ocrx_word' id='word_1_39' title='bbox 433 1117 475 1164; x_wconf 89' lang='lat' dir='ltr'>tot</span> <span class='ocrx_word' id='word_1_40' title='bbox 497 1108 628 1164; x_wconf 88' lang='lat' dir='ltr'>Causidici</span> <span class='ocrx_word' id='word_1_41' title='bbox 650 1109 721 1164; x_wconf 93' lang='lat' dir='ltr'>cirea</span> <span class='ocrx_word' id='word_1_42' title='bbox 747 1109 836 1182; x_wconf 92' lang='lat' dir='ltr'>ipsum</span> <span class='ocrx_word' id='word_1_43' title='bbox 858 1108 1061 1181; x_wconf 80' lang='lat' dir='ltr'>glomerantur.</span> <span class='ocrx_word' id='word_1_44' title='bbox 1089 1119 1156 1183; x_wconf 89' lang='lat' dir='ltr'>quot</span> <span class='ocrx_word' id='word_1_45' title='bbox 1184 1110 1313 1166; x_wconf 84' lang='lat' dir='ltr'>lamelicae</span> <span class='ocrx_word' id='word_1_46' title='bbox 1341 1126 1403 1165; x_wconf 88' lang='lat' dir='ltr'>aves</span> <span class='ocrx_word' id='word_1_47' title='bbox 1431 1108 1464 1164; x_wconf 87' lang='lat' dir='ltr'>ad</span> <span class='ocrx_word' id='word_1_48' title='bbox 1492 1110 1600 1183; x_wconf 89' lang='lat' dir='ltr'>putrida</span> 
     </span>
     <span class='ocr_line' id='line_1_5' title="bbox 304 1192 1600 1268; baseline 0.002 -19"><span class='ocrx_word' id='word_1_49' title='bbox 304 1195 433 1249; x_wconf 88' lang='lat' dir='ltr'>cadavera</span> <span class='ocrx_word' id='word_1_50' title='bbox 454 1193 608 1256; x_wconf 86' lang='lat' dir='ltr'>conlluant;</span> <span class='ocrx_word' id='word_1_51' title='bbox 642 1193 767 1266; x_wconf 86' lang='lat' dir='ltr'>sequitur</span> <span class='ocrx_word' id='word_1_52' title='bbox 790 1193 890 1249; x_wconf 82' lang='lat' dir='ltr'>Christi</span> <span class='ocrx_word' id='word_1_53' title='bbox 917 1192 1087 1250; x_wconf 85' lang='lat' dir='ltr'>Eucharistia</span> <span class='ocrx_word' id='word_1_54' title='bbox 1116 1195 1142 1249; x_wconf 94' lang='lat' dir='ltr'>in</span> <span class='ocrx_word' id='word_1_55' title='bbox 1172 1195 1290 1268; x_wconf 86' lang='lat' dir='ltr'>quodam</span> <span class='ocrx_word' id='word_1_56' title='bbox 1317 1194 1394 1250; x_wconf 89' lang='lat' dir='ltr'>asino</span> <span class='ocrx_word' id='word_1_57' title='bbox 1423 1194 1450 1248; x_wconf 96' lang='lat' dir='ltr'>in</span> <span class='ocrx_word' id='word_1_58' title='bbox 1479 1202 1600 1251; x_wconf 75' lang='lat' dir='ltr'>extrema</span> 
     </span>
     <span class='ocr_line' id='line_1_6' title="bbox 282 1277 1667 1354; baseline 0.005 -25"><span class='ocrx_word' id='word_1_59' title='bbox 282 1279 433 1340; x_wconf 78' lang='lat' dir='ltr'>aeolrorte,</span> <span class='ocrx_word' id='word_1_60' title='bbox 462 1296 543 1352; x_wconf 90' lang='lat' dir='ltr'>quam</span> <span class='ocrx_word' id='word_1_61' title='bbox 571 1278 713 1352; x_wconf 80' lang='lat' dir='ltr'>impudicae</span> <span class='ocrx_word' id='word_1_62' title='bbox 741 1277 869 1334; x_wconf 87' lang='lat' dir='ltr'>mulieres</span> <span class='ocrx_word' id='word_1_63' title='bbox 897 1296 927 1335; x_wconf 87' lang='lat' dir='ltr'>ao</span> <span class='ocrx_word' id='word_1_64' title='bbox 952 1279 1094 1353; x_wconf 88' lang='lat' dir='ltr'>prostituti</span> <span class='ocrx_word' id='word_1_65' title='bbox 1116 1279 1193 1354; x_wconf 89' lang='lat' dir='ltr'>pueri</span> <span class='ocrx_word' id='word_1_66' title='bbox 1215 1279 1396 1336; x_wconf 87' lang='lat' dir='ltr'>constituunt.</span> <span class='ocrx_word' id='word_1_67' title='bbox 1439 1277 1489 1334; x_wconf 79' lang='lat' dir='ltr'>Fui</span> <span class='ocrx_word' id='word_1_68' title='bbox 1511 1289 1667 1354; x_wconf 74' lang='lat' dir='ltr'>euperem.</span> 
     </span>
     <span class='ocr_line' id='line_1_7' title="bbox 304 1361 1599 1436; baseline 0.002 -18"><span class='ocrx_word' id='word_1_69' title='bbox 304 1364 415 1418; x_wconf 84' lang='lat' dir='ltr'>llhemae</span> <span class='ocrx_word' id='word_1_70' title='bbox 430 1381 490 1419; x_wconf 91' lang='lat' dir='ltr'>eum</span> <span class='ocrx_word' id='word_1_71' title='bbox 507 1362 591 1418; x_wconf 84' lang='lat' dir='ltr'>llesso</span> <span class='ocrx_word' id='word_1_72' title='bbox 607 1373 718 1425; x_wconf 89' lang='lat' dir='ltr'>nostro,</span> <span class='ocrx_word' id='word_1_73' title='bbox 743 1363 795 1418; x_wconf 84' lang='lat' dir='ltr'>ridi</span> <span class='ocrx_word' id='word_1_74' title='bbox 811 1373 932 1419; x_wconf 86' lang='lat' dir='ltr'>veterum</span> <span class='ocrx_word' id='word_1_75' title='bbox 955 1373 1142 1426; x_wconf 89' lang='lat' dir='ltr'>monumenta,</span> <span class='ocrx_word' id='word_1_76' title='bbox 1166 1364 1220 1419; x_wconf 84' lang='lat' dir='ltr'>vidi</span> <span class='ocrx_word' id='word_1_77' title='bbox 1242 1363 1395 1420; x_wconf 76' lang='lat' dir='ltr'>cathedram</span> <span class='ocrx_word' id='word_1_78' title='bbox 1419 1361 1599 1436; x_wconf 72' lang='lat' dir='ltr'>pestilencia:</span> 
     </span>
     <span class='ocr_line' id='line_1_8' title="bbox 305 1447 1600 1522; baseline 0.004 -22"><span class='ocrx_word' id='word_1_79' title='bbox 305 1448 402 1503; x_wconf 86' lang='lat' dir='ltr'>vidisse</span> <span class='ocrx_word' id='word_1_80' title='bbox 425 1448 511 1509; x_wconf 86' lang='lat' dir='ltr'>iuvat,</span> <span class='ocrx_word' id='word_1_81' title='bbox 535 1448 634 1503; x_wconf 84' lang='lat' dir='ltr'>vidisse</span> <span class='ocrx_word' id='word_1_82' title='bbox 656 1448 741 1521; x_wconf 78' lang='lat' dir='ltr'>piget.</span> <span class='ocrx_word' id='word_1_83' title='bbox 775 1448 932 1504; x_wconf 86' lang='lat' dir='ltr'>invaserunt</span> <span class='ocrx_word' id='word_1_84' title='bbox 954 1449 991 1505; x_wconf 93' lang='lat' dir='ltr'>ibi</span> <span class='ocrx_word' id='word_1_85' title='bbox 1015 1466 1057 1505; x_wconf 92' lang='lat' dir='ltr'>me</span> <span class='ocrx_word' id='word_1_86' title='bbox 1081 1449 1188 1522; x_wconf 86' lang='lat' dir='ltr'>quidam</span> <span class='ocrx_word' id='word_1_87' title='bbox 1210 1449 1242 1505; x_wconf 90' lang='lat' dir='ltr'>de</span> <span class='ocrx_word' id='word_1_88' title='bbox 1266 1447 1444 1522; x_wconf 79' lang='lat' dir='ltr'>indulgenciis</span> <span class='ocrx_word' id='word_1_89' title='bbox 1465 1456 1492 1503; x_wconf 86' lang='lat' dir='ltr'>et</span> <span class='ocrx_word' id='word_1_90' title='bbox 1506 1448 1600 1505; x_wconf 88' lang='lat' dir='ltr'>Ponti·</span> 
     </span>
     <span class='ocr_line' id='line_1_9' title="bbox 303 1532 1598 1614; baseline 0.002 -26"><span class='ocrx_word' id='word_1_91' title='bbox 303 1532 361 1588; x_wconf 88' lang='lat' dir='ltr'>ficis</span> <span class='ocrx_word' id='word_1_92' title='bbox 384 1539 520 1606; x_wconf 81' lang='lat' dir='ltr'>potestate</span> <span class='ocrx_word' id='word_1_93' title='bbox 543 1533 614 1589; x_wconf 87' lang='lat' dir='ltr'>acuti</span> <span class='ocrx_word' id='word_1_94' title='bbox 637 1542 668 1588; x_wconf 91' lang='lat' dir='ltr'>ut</span> <span class='ocrx_word' id='word_1_95' title='bbox 690 1533 742 1588; x_wconf 88' lang='lat' dir='ltr'>sibi</span> <span class='ocrx_word' id='word_1_96' title='bbox 764 1533 937 1596; x_wconf 85' lang='lat' dir='ltr'>videbantur,</span> <span class='ocrx_word' id='word_1_97' title='bbox 967 1534 1044 1614; x_wconf 88' lang='lat' dir='ltr'>quasi</span> <span class='ocrx_word' id='word_1_98' title='bbox 1067 1551 1119 1606; x_wconf 81' lang='lat' dir='ltr'>ego</span> <span class='ocrx_word' id='word_1_99' title='bbox 1141 1535 1174 1590; x_wconf 86' lang='lat' dir='ltr'>de</span> <span class='ocrx_word' id='word_1_100' title='bbox 1197 1533 1230 1589; x_wconf 86' lang='lat' dir='ltr'>iis</span> <span class='ocrx_word' id='word_1_101' title='bbox 1253 1541 1300 1589; x_wconf 91' lang='lat' dir='ltr'>aut</span> <span class='ocrx_word' id='word_1_102' title='bbox 1321 1551 1430 1607; x_wconf 88' lang='lat' dir='ltr'>possem</span> <span class='ocrx_word' id='word_1_103' title='bbox 1451 1541 1499 1588; x_wconf 85' lang='lat' dir='ltr'>aut</span> <span class='ocrx_word' id='word_1_104' title='bbox 1520 1533 1598 1591; x_wconf 81' lang='lat' dir='ltr'>veliin</span> 
     </span>
     <span class='ocr_line' id='line_1_10' title="bbox 303 1617 1600 1692; baseline 0.002 -20"><span class='ocrx_word' id='word_1_105' title='bbox 303 1618 456 1691; x_wconf 85' lang='lat' dir='ltr'>disputare,</span> <span class='ocrx_word' id='word_1_106' title='bbox 494 1618 645 1690; x_wconf 77' lang='lat' dir='ltr'>presertim</span> <span class='ocrx_word' id='word_1_107' title='bbox 679 1617 784 1674; x_wconf 86' lang='lat' dir='ltr'>llornae:</span> <span class='ocrx_word' id='word_1_108' title='bbox 819 1618 932 1674; x_wconf 88' lang='lat' dir='ltr'>tacendo</span> <span class='ocrx_word' id='word_1_109' title='bbox 966 1636 1008 1675; x_wconf 89' lang='lat' dir='ltr'>mc</span> <span class='ocrx_word' id='word_1_110' title='bbox 1044 1618 1152 1682; x_wconf 91' lang='lat' dir='ltr'>tuebar,</span> <span class='ocrx_word' id='word_1_111' title='bbox 1188 1618 1240 1674; x_wconf 84' lang='lat' dir='ltr'>nisi</span> <span class='ocrx_word' id='word_1_112' title='bbox 1273 1619 1346 1692; x_wconf 91' lang='lat' dir='ltr'>quod</span> <span class='ocrx_word' id='word_1_113' title='bbox 1378 1617 1523 1692; x_wconf 90' lang='lat' dir='ltr'>aliquando</span> <span class='ocrx_word' id='word_1_114' title='bbox 1549 1637 1600 1692; x_wconf 92' lang='lat' dir='ltr'>per</span> 
     </span>
     <span class='ocr_line' id='line_1_11' title="bbox 271 1702 1599 1775; baseline 0.005 -23"><span class='ocrx_word' id='word_1_115' title='bbox 271 1704 395 1758; x_wconf 84' lang='lat' dir='ltr'>toiocum</span> <span class='ocrx_word' id='word_1_116' title='bbox 417 1702 559 1775; x_wconf 86' lang='lat' dir='ltr'>respondi,</span> <span class='ocrx_word' id='word_1_117' title='bbox 590 1703 663 1775; x_wconf 86' lang='lat' dir='ltr'>quod</span> <span class='ocrx_word' id='word_1_118' title='bbox 685 1703 761 1758; x_wconf 85' lang='lat' dir='ltr'>solus</span> <span class='ocrx_word' id='word_1_119' title='bbox 784 1703 910 1759; x_wconf 89' lang='lat' dir='ltr'>dominus</span> <span class='ocrx_word' id='word_1_120' title='bbox 933 1704 965 1758; x_wconf 88' lang='lat' dir='ltr'>ad</span> <span class='ocrx_word' id='word_1_121' title='bbox 990 1704 1093 1759; x_wconf 87' lang='lat' dir='ltr'>inleros</span> <span class='ocrx_word' id='word_1_122' title='bbox 1121 1703 1195 1760; x_wconf 91' lang='lat' dir='ltr'>ducit</span> <span class='ocrx_word' id='word_1_123' title='bbox 1217 1712 1244 1759; x_wconf 94' lang='lat' dir='ltr'>et</span> <span class='ocrx_word' id='word_1_124' title='bbox 1267 1703 1385 1765; x_wconf 85' lang='lat' dir='ltr'>reducit,</span> <span class='ocrx_word' id='word_1_125' title='bbox 1412 1703 1517 1760; x_wconf 86' lang='lat' dir='ltr'>cuidam</span> <span class='ocrx_word' id='word_1_126' title='bbox 1541 1720 1599 1759; x_wconf 90' lang='lat' dir='ltr'>ver·</span> 
     </span>
     <span class='ocr_line' id='line_1_12' title="bbox 304 1786 1596 1862; baseline 0.001 -20"><span class='ocrx_word' id='word_1_127' title='bbox 304 1788 372 1842; x_wconf 90' lang='lat' dir='ltr'>boso</span> <span class='ocrx_word' id='word_1_128' title='bbox 402 1786 576 1842; x_wconf 82' lang='lat' dir='ltr'>transferenti</span> <span class='ocrx_word' id='word_1_129' title='bbox 605 1787 792 1843; x_wconf 84' lang='lat' dir='ltr'>remissionem</span> <span class='ocrx_word' id='word_1_130' title='bbox 820 1797 992 1861; x_wconf 86' lang='lat' dir='ltr'>peccatorum</span> <span class='ocrx_word' id='word_1_131' title='bbox 1021 1806 1036 1844; x_wconf 94' lang='lat' dir='ltr'>a</span> <span class='ocrx_word' id='word_1_132' title='bbox 1063 1787 1106 1844; x_wconf 91' lang='lat' dir='ltr'>dei</span> <span class='ocrx_word' id='word_1_133' title='bbox 1134 1796 1270 1862; x_wconf 85' lang='lat' dir='ltr'>potestate</span> <span class='ocrx_word' id='word_1_134' title='bbox 1293 1788 1320 1843; x_wconf 95' lang='lat' dir='ltr'>in</span> <span class='ocrx_word' id='word_1_135' title='bbox 1343 1804 1437 1843; x_wconf 90' lang='lat' dir='ltr'>manus</span> <span class='ocrx_word' id='word_1_136' title='bbox 1460 1787 1596 1860; x_wconf 81' lang='lat' dir='ltr'>pontificis</span> 
     </span>
     <span class='ocr_line' id='line_1_13' title="bbox 303 1870 1665 1947; baseline 0.001 -21"><span class='ocrx_word' id='word_1_137' title='bbox 303 1880 448 1945; x_wconf 85' lang='lat' dir='ltr'>propterca</span> <span class='ocrx_word' id='word_1_138' title='bbox 472 1872 544 1943; x_wconf 93' lang='lat' dir='ltr'>quod</span> <span class='ocrx_word' id='word_1_139' title='bbox 560 1870 683 1927; x_wconf 84' lang='lat' dir='ltr'>Christus</span> <span class='ocrx_word' id='word_1_140' title='bbox 697 1871 779 1927; x_wconf 88' lang='lat' dir='ltr'>Petro</span> <span class='ocrx_word' id='word_1_141' title='bbox 801 1873 872 1929; x_wconf 89' lang='lat' dir='ltr'>dicat</span> <span class='ocrx_word' id='word_1_142' title='bbox 896 1872 1036 1946; x_wconf 79' lang='lat' dir='ltr'>‘Quicquid</span> <span class='ocrx_word' id='word_1_143' title='bbox 1059 1872 1172 1929; x_wconf 90' lang='lat' dir='ltr'>solveris</span> <span class='ocrx_word' id='word_1_144' title='bbox 1196 1891 1278 1947; x_wconf 89' lang='lat' dir='ltr'>snper</span> <span class='ocrx_word' id='word_1_145' title='bbox 1301 1872 1417 1928; x_wconf 87' lang='lat' dir='ltr'>terram&#39;.</span> <span class='ocrx_word' id='word_1_146' title='bbox 1453 1872 1512 1928; x_wconf 87' lang='lat' dir='ltr'>Non</span> <span class='ocrx_word' id='word_1_147' title='bbox 1528 1880 1665 1946; x_wconf 74' lang='lat' dir='ltr'>ergabtt.</span> 
     </span>
     <span class='ocr_line' id='line_1_14' title="bbox 303 1955 1597 2033; baseline 0.005 -25"><span class='ocrx_word' id='word_1_148' title='bbox 303 1956 455 2017; x_wconf 88' lang='lat' dir='ltr'>victores,</span> <span class='ocrx_word' id='word_1_149' title='bbox 478 1955 604 2018; x_wconf 87' lang='lat' dir='ltr'>llartine,</span> <span class='ocrx_word' id='word_1_150' title='bbox 629 1957 750 2030; x_wconf 83' lang='lat' dir='ltr'>quamvis</span> <span class='ocrx_word' id='word_1_151' title='bbox 772 1966 891 2012; x_wconf 89' lang='lat' dir='ltr'>armatus</span> <span class='ocrx_word' id='word_1_152' title='bbox 917 1958 1051 2030; x_wconf 75' lang='lat' dir='ltr'>praesidiis</span> <span class='ocrx_word' id='word_1_153' title='bbox 1079 1958 1221 2033; x_wconf 78' lang='lat' dir='ltr'>scripturae</span> <span class='ocrx_word' id='word_1_154' title='bbox 1249 1956 1340 2031; x_wconf 85' lang='lat' dir='ltr'>gladio</span> <span class='ocrx_word' id='word_1_155' title='bbox 1368 1956 1481 2030; x_wconf 91' lang='lat' dir='ltr'>spiritus</span> <span class='ocrx_word' id='word_1_156' title='bbox 1510 1957 1597 2014; x_wconf 88' lang='lat' dir='ltr'>sancti</span> 
     </span>
     <span class='ocr_line' id='line_1_15' title="bbox 304 2040 1681 2115; baseline 0.001 -21"><span class='ocrx_word' id='word_1_157' title='bbox 304 2040 425 2113; x_wconf 79' lang='lat' dir='ltr'>iugulum</span> <span class='ocrx_word' id='word_1_158' title='bbox 448 2041 593 2096; x_wconf 89' lang='lat' dir='ltr'>adversarii</span> <span class='ocrx_word' id='word_1_159' title='bbox 617 2040 747 2114; x_wconf 88' lang='lat' dir='ltr'>pecieris:</span> <span class='ocrx_word' id='word_1_160' title='bbox 776 2059 859 2115; x_wconf 89' lang='lat' dir='ltr'>penes</span> <span class='ocrx_word' id='word_1_161' title='bbox 875 2042 1040 2098; x_wconf 80' lang='lat' dir='ltr'>llhemanam</span> <span class='ocrx_word' id='word_1_162' title='bbox 1061 2044 1164 2106; x_wconf 90' lang='lat' dir='ltr'>sedem,</span> <span class='ocrx_word' id='word_1_163' title='bbox 1188 2060 1242 2098; x_wconf 92' lang='lat' dir='ltr'>non</span> <span class='ocrx_word' id='word_1_164' title='bbox 1266 2042 1428 2115; x_wconf 83' lang='lat' dir='ltr'>scripturam</span> <span class='ocrx_word' id='word_1_165' title='bbox 1451 2050 1506 2098; x_wconf 88' lang='lat' dir='ltr'>stat</span> <span class='ocrx_word' id='word_1_166' title='bbox 1527 2042 1596 2098; x_wconf 91' lang='lat' dir='ltr'>iudi·</span> <span class='ocrx_word' id='word_1_167' title='bbox 1679 2093 1681 2095; x_wconf 83' lang='lat'>.</span> 
     </span>
     <span class='ocr_line' id='line_1_16' title="bbox 267 2124 1594 2189; baseline 0.005 -14"><span class='ocrx_word' id='word_1_168' title='bbox 267 2134 293 2175; x_wconf 81' lang='grc'>11</span> <span class='ocrx_word' id='word_1_169' title='bbox 303 2126 375 2181; x_wconf 90' lang='lat' dir='ltr'>cium</span> <span class='ocrx_word' id='word_1_170' title='bbox 400 2126 432 2180; x_wconf 88' lang='lat' dir='ltr'>de</span> <span class='ocrx_word' id='word_1_171' title='bbox 455 2124 582 2188; x_wconf 65' lang='lat' dir='ltr'>victoum</span> <span class='ocrx_word' id='word_1_172' title='bbox 614 2126 671 2183; x_wconf 82' lang='lat' dir='ltr'>haec</span> <span class='ocrx_word' id='word_1_173' title='bbox 693 2127 765 2183; x_wconf 87' lang='lat' dir='ltr'>enim</span> <span class='ocrx_word' id='word_1_174' title='bbox 789 2126 822 2182; x_wconf 91' lang='lat' dir='ltr'>ab</span> <span class='ocrx_word' id='word_1_175' title='bbox 845 2126 907 2188; x_wconf 92' lang='lat' dir='ltr'>illo,</span> <span class='ocrx_word' id='word_1_176' title='bbox 932 2127 1064 2184; x_wconf 88' lang='lat' dir='ltr'>Silvestre</span> <span class='ocrx_word' id='word_1_177' title='bbox 1082 2136 1131 2183; x_wconf 90' lang='lat' dir='ltr'>tuo</span> <span class='ocrx_word' id='word_1_178' title='bbox 1154 2136 1236 2189; x_wconf 84' lang='lat' dir='ltr'>teste,</span> <span class='ocrx_word' id='word_1_179' title='bbox 1257 2127 1447 2184; x_wconf 86' lang='lat' dir='ltr'>auctoritatem</span> <span class='ocrx_word' id='word_1_180' title='bbox 1470 2127 1594 2184; x_wconf 89' lang='lat' dir='ltr'>sortitur.</span> 
     </span>
     <span class='ocr_line' id='line_1_17' title="bbox 302 2209 1664 2286; baseline 0.004 -22"><span class='ocrx_word' id='word_1_181' title='bbox 302 2210 353 2264; x_wconf 87' lang='lat' dir='ltr'>Sed</span> <span class='ocrx_word' id='word_1_182' title='bbox 380 2209 413 2265; x_wconf 89' lang='lat' dir='ltr'>ab</span> <span class='ocrx_word' id='word_1_183' title='bbox 437 2210 487 2265; x_wconf 91' lang='lat' dir='ltr'>hae</span> <span class='ocrx_word' id='word_1_184' title='bbox 514 2209 673 2267; x_wconf 81' lang='lat' dir='ltr'>difficultate</span> <span class='ocrx_word' id='word_1_185' title='bbox 702 2211 805 2267; x_wconf 88' lang='lat' dir='ltr'>salvum</span> <span class='ocrx_word' id='word_1_186' title='bbox 833 2220 858 2266; x_wconf 94' lang='lat' dir='ltr'>te</span> <span class='ocrx_word' id='word_1_187' title='bbox 886 2220 976 2269; x_wconf 83' lang='lat' dir='ltr'>servat</span> <span class='ocrx_word' id='word_1_188' title='bbox 1002 2213 1164 2286; x_wconf 88' lang='lat' dir='ltr'>provocacio</span> <span class='ocrx_word' id='word_1_189' title='bbox 1194 2221 1238 2269; x_wconf 86' lang='lat' dir='ltr'>tua</span> <span class='ocrx_word' id='word_1_190' title='bbox 1264 2213 1296 2268; x_wconf 91' lang='lat' dir='ltr'>ad</span> <span class='ocrx_word' id='word_1_191' title='bbox 1319 2210 1437 2268; x_wconf 85' lang='lat' dir='ltr'>tribunal</span> <span class='ocrx_word' id='word_1_192' title='bbox 1460 2212 1596 2285; x_wconf 83' lang='lat' dir='ltr'>generalis</span> <span class='ocrx_word' id='word_1_193' title='bbox 1607 2218 1625 2269; x_wconf 84' lang='lat' dir='ltr'>l·</span> <span class='ocrx_word' id='word_1_194' title='bbox 1635 2219 1664 2262; x_wconf 83' lang='lat'>¹⁷·</span> 
     </span>
     <span class='ocr_line' id='line_1_18' title="bbox 300 2293 1596 2370; baseline 0.002 -20"><span class='ocrx_word' id='word_1_195' title='bbox 300 2293 426 2355; x_wconf 89' lang='lat' dir='ltr'>concilii,</span> <span class='ocrx_word' id='word_1_196' title='bbox 453 2295 519 2350; x_wconf 92' lang='lat' dir='ltr'>adeo</span> <span class='ocrx_word' id='word_1_197' title='bbox 543 2313 574 2351; x_wconf 80' lang='lat' dir='ltr'>ex</span> <span class='ocrx_word' id='word_1_198' title='bbox 604 2296 677 2351; x_wconf 81' lang='lat' dir='ltr'>urrini</span> <span class='ocrx_word' id='word_1_199' title='bbox 706 2306 783 2369; x_wconf 92' lang='lat' dir='ltr'>parte</span> <span class='ocrx_word' id='word_1_200' title='bbox 811 2296 914 2352; x_wconf 93' lang='lat' dir='ltr'>munita</span> <span class='ocrx_word' id='word_1_201' title='bbox 941 2297 1075 2370; x_wconf 78' lang='lat' dir='ltr'>praesidiis</span> <span class='ocrx_word' id='word_1_202' title='bbox 1100 2297 1167 2353; x_wconf 89' lang='lat' dir='ltr'>iuris</span> <span class='ocrx_word' id='word_1_203' title='bbox 1195 2297 1278 2353; x_wconf 85' lang='lat' dir='ltr'>divini</span> <span class='ocrx_word' id='word_1_204' title='bbox 1307 2306 1335 2353; x_wconf 87' lang='lat' dir='ltr'>et</span> <span class='ocrx_word' id='word_1_205' title='bbox 1357 2296 1480 2358; x_wconf 89' lang='lat' dir='ltr'>humani,</span> <span class='ocrx_word' id='word_1_206' title='bbox 1510 2304 1540 2353; x_wconf 92' lang='lat' dir='ltr'>ut</span> <span class='ocrx_word' id='word_1_207' title='bbox 1562 2296 1596 2353; x_wconf 90' lang='lat' dir='ltr'>ab</span> 
     </span>
     <span class='ocr_line' id='line_1_19' title="bbox 300 2378 1596 2456; baseline 0.002 -23"><span class='ocrx_word' id='word_1_208' title='bbox 300 2378 460 2435; x_wconf 88' lang='lat' dir='ltr'>adversariis</span> <span class='ocrx_word' id='word_1_209' title='bbox 485 2398 595 2453; x_wconf 90' lang='lat' dir='ltr'>qnoque</span> <span class='ocrx_word' id='word_1_210' title='bbox 623 2380 730 2437; x_wconf 87' lang='lat' dir='ltr'>landem</span> <span class='ocrx_word' id='word_1_211' title='bbox 758 2390 909 2444; x_wconf 88' lang='lat' dir='ltr'>rnereatnr;</span> <span class='ocrx_word' id='word_1_212' title='bbox 940 2382 987 2437; x_wconf 86' lang='lat' dir='ltr'>sed</span> <span class='ocrx_word' id='word_1_213' title='bbox 1010 2382 1109 2438; x_wconf 88' lang='lat' dir='ltr'>mirum</span> <span class='ocrx_word' id='word_1_214' title='bbox 1132 2391 1259 2456; x_wconf 88' lang='lat' dir='ltr'>quantam</span> <span class='ocrx_word' id='word_1_215' title='bbox 1286 2380 1367 2438; x_wconf 88' lang='lat' dir='ltr'>bilem</span> <span class='ocrx_word' id='word_1_216' title='bbox 1393 2381 1513 2439; x_wconf 83' lang='lat' dir='ltr'>concitet</span> <span class='ocrx_word' id='word_1_217' title='bbox 1534 2381 1596 2437; x_wconf 78' lang='lat' dir='ltr'>l&#39;lo-</span> 
     </span>
     <span class='ocr_line' id='line_1_20' title="bbox 300 2464 1678 2540; baseline 0.002 -22"><span class='ocrx_word' id='word_1_218' title='bbox 300 2464 414 2519; x_wconf 83' lang='lat' dir='ltr'>rentinae</span> <span class='ocrx_word' id='word_1_219' title='bbox 444 2464 569 2526; x_wconf 83' lang='lat' dir='ltr'>factioni,</span> <span class='ocrx_word' id='word_1_220' title='bbox 598 2465 699 2521; x_wconf 85' lang='lat' dir='ltr'>timidae</span> <span class='ocrx_word' id='word_1_221' title='bbox 727 2483 760 2521; x_wconf 90' lang='lat' dir='ltr'>ne</span> <span class='ocrx_word' id='word_1_222' title='bbox 788 2465 896 2521; x_wconf 88' lang='lat' dir='ltr'>sublato</span> <span class='ocrx_word' id='word_1_223' title='bbox 924 2467 983 2523; x_wconf 89' lang='lat' dir='ltr'>iure</span> <span class='ocrx_word' id='word_1_224' title='bbox 1010 2467 1038 2521; x_wconf 95' lang='lat' dir='ltr'>in</span> <span class='ocrx_word' id='word_1_225' title='bbox 1061 2468 1162 2523; x_wconf 84' lang='lat' dir='ltr'>animas</span> <span class='ocrx_word' id='word_1_226' title='bbox 1183 2467 1373 2523; x_wconf 80' lang='lat' dir='ltr'>defuncturum</span> <span class='ocrx_word' id='word_1_227' title='bbox 1397 2474 1491 2540; x_wconf 87' lang='lat' dir='ltr'>postea</span> <span class='ocrx_word' id='word_1_228' title='bbox 1514 2466 1596 2522; x_wconf 88' lang='lat' dir='ltr'>simili</span> <span class='ocrx_word' id='word_1_229' title='bbox 1672 2474 1678 2483; x_wconf 86' lang='lat'>&#39;</span> 
     </span>
     <span class='ocr_line' id='line_1_21' title="bbox 263 2549 1596 2626; baseline 0.005 -26"><span class='ocrx_word' id='word_1_230' title='bbox 263 2549 487 2622; x_wconf 75' lang='lat' dir='ltr'>eodisputacione</span> <span class='ocrx_word' id='word_1_231' title='bbox 506 2549 684 2605; x_wconf 90' lang='lat' dir='ltr'>detrahantur</span> <span class='ocrx_word' id='word_1_232' title='bbox 702 2549 796 2624; x_wconf 87' lang='lat' dir='ltr'>pallia,</span> <span class='ocrx_word' id='word_1_233' title='bbox 819 2551 1034 2615; x_wconf 87' lang='lat' dir='ltr'>reservaciones,</span> <span class='ocrx_word' id='word_1_234' title='bbox 1053 2551 1149 2615; x_wconf 84' lang='lat' dir='ltr'>bullae,</span> <span class='ocrx_word' id='word_1_235' title='bbox 1172 2551 1326 2626; x_wconf 81' lang='lat' dir='ltr'>privilegia,</span> <span class='ocrx_word' id='word_1_236' title='bbox 1348 2551 1480 2608; x_wconf 88' lang='lat' dir='ltr'>latissime</span> <span class='ocrx_word' id='word_1_237' title='bbox 1499 2559 1596 2625; x_wconf 86' lang='lat' dir='ltr'>pateus</span> 
     </span>
     <span class='ocr_line' id='line_1_22' title="bbox 300 2633 1592 2710; baseline 0.004 -23"><span class='ocrx_word' id='word_1_238' title='bbox 300 2633 451 2690; x_wconf 87' lang='lat' dir='ltr'>iurisdictio</span> <span class='ocrx_word' id='word_1_239' title='bbox 474 2642 632 2708; x_wconf 88' lang='lat' dir='ltr'>ceteraque.</span> <span class='ocrx_word' id='word_1_240' title='bbox 653 2635 753 2709; x_wconf 89' lang='lat' dir='ltr'>quibus</span> <span class='ocrx_word' id='word_1_241' title='bbox 773 2653 873 2692; x_wconf 83' lang='lat' dir='ltr'>norrren</span> <span class='ocrx_word' id='word_1_242' title='bbox 901 2636 1092 2710; x_wconf 90' lang='lat' dir='ltr'>imposuerunt</span> <span class='ocrx_word' id='word_1_243' title='bbox 1120 2636 1255 2693; x_wconf 87' lang='lat' dir='ltr'>libertatis</span> <span class='ocrx_word' id='word_1_244' title='bbox 1287 2636 1490 2699; x_wconf 83' lang='lat' dir='ltr'>ecclesiasticae,</span> <span class='ocrx_word' id='word_1_245' title='bbox 1524 2636 1592 2693; x_wconf 85' lang='lat' dir='ltr'>retia</span> 
     </span>
     <span class='ocr_line' id='line_1_23' title="bbox 216 2718 1662 2792; baseline 0.001 -18"><span class='ocrx_word' id='word_1_246' title='bbox 216 2780 223 2790; x_wconf 40' lang='lat' dir='ltr'><em>s</em></span> <span class='ocrx_word' id='word_1_247' title='bbox 298 2718 490 2774; x_wconf 81' lang='lat' dir='ltr'>contrahendae</span> <span class='ocrx_word' id='word_1_248' title='bbox 518 2719 639 2792; x_wconf 84' lang='lat' dir='ltr'>pecuniae</span> <span class='ocrx_word' id='word_1_249' title='bbox 669 2720 840 2776; x_wconf 89' lang='lat' dir='ltr'>miserorum.</span> <span class='ocrx_word' id='word_1_250' title='bbox 884 2721 958 2778; x_wconf 84' lang='lat' dir='ltr'>Caeca</span> <span class='ocrx_word' id='word_1_251' title='bbox 986 2722 1040 2777; x_wconf 89' lang='lat' dir='ltr'>crit</span> <span class='ocrx_word' id='word_1_252' title='bbox 1068 2721 1210 2778; x_wconf 86' lang='lat' dir='ltr'>Germania</span> <span class='ocrx_word' id='word_1_253' title='bbox 1236 2721 1323 2778; x_wconf 91' lang='lat' dir='ltr'>donec</span> <span class='ocrx_word' id='word_1_254' title='bbox 1350 2721 1469 2778; x_wconf 87' lang='lat' dir='ltr'>manebit</span> <span class='ocrx_word' id='word_1_255' title='bbox 1493 2721 1520 2777; x_wconf 96' lang='lat' dir='ltr'>in</span> <span class='ocrx_word' id='word_1_256' title='bbox 1541 2729 1662 2781; x_wconf 70' lang='lat' dir='ltr'>suebis.</span> 
     </span>
     <span class='ocr_line' id='line_1_24' title="bbox 299 2797 1593 2878; baseline 0.003 -20"><span class='ocrx_word' id='word_1_257' title='bbox 299 2819 394 2858; x_wconf 89' lang='lat' dir='ltr'>errore</span> <span class='ocrx_word' id='word_1_258' title='bbox 412 2812 441 2859; x_wconf 93' lang='lat' dir='ltr'>et</span> <span class='ocrx_word' id='word_1_259' title='bbox 459 2804 546 2860; x_wconf 80' lang='lat' dir='ltr'>‹lonee</span> <span class='ocrx_word' id='word_1_260' title='bbox 568 2803 684 2860; x_wconf 90' lang='lat' dir='ltr'>studiosi</span> <span class='ocrx_word' id='word_1_261' title='bbox 708 2804 816 2878; x_wconf 86' lang='lat' dir='ltr'>publice</span> <span class='ocrx_word' id='word_1_262' title='bbox 839 2822 893 2861; x_wconf 92' lang='lat' dir='ltr'>non</span> <span class='ocrx_word' id='word_1_263' title='bbox 916 2797 1047 2869; x_wconf 83' lang='lat' dir='ltr'>clamant,</span> <span class='ocrx_word' id='word_1_264' title='bbox 1071 2824 1126 2862; x_wconf 90' lang='lat' dir='ltr'>non</span> <span class='ocrx_word' id='word_1_265' title='bbox 1142 2803 1264 2863; x_wconf 87' lang='lat' dir='ltr'>scribunt</span> <span class='ocrx_word' id='word_1_266' title='bbox 1278 2815 1375 2863; x_wconf 87' lang='lat' dir='ltr'>eontra</span> <span class='ocrx_word' id='word_1_267' title='bbox 1390 2806 1486 2863; x_wconf 77' lang='lat' dir='ltr'>noxios</span> <span class='ocrx_word' id='word_1_268' title='bbox 1502 2824 1593 2864; x_wconf 87' lang='lat' dir='ltr'>mores</span> 
     </span>
     <span class='ocr_line' id='line_1_25' title="bbox 300 2888 1636 2965; baseline 0.004 -23"><span class='ocrx_word' id='word_1_269' title='bbox 300 2905 369 2960; x_wconf 87' lang='lat' dir='ltr'>qnos</span> <span class='ocrx_word' id='word_1_270' title='bbox 390 2888 468 2942; x_wconf 87' lang='lat' dir='ltr'>nobis</span> <span class='ocrx_word' id='word_1_271' title='bbox 489 2888 592 2944; x_wconf 84' lang='lat' dir='ltr'>Rhome</span> <span class='ocrx_word' id='word_1_272' title='bbox 619 2890 717 2951; x_wconf 88' lang='lat' dir='ltr'>mittit,</span> <span class='ocrx_word' id='word_1_273' title='bbox 745 2890 894 2963; x_wconf 86' lang='lat' dir='ltr'>rudemque</span> <span class='ocrx_word' id='word_1_274' title='bbox 920 2891 1089 2965; x_wconf 87' lang='lat' dir='ltr'>plebeculam</span> <span class='ocrx_word' id='word_1_275' title='bbox 1116 2892 1279 2948; x_wconf 82' lang='lat' dir='ltr'>admoneant</span> <span class='ocrx_word' id='word_1_276' title='bbox 1306 2892 1452 2948; x_wconf 79' lang='lat' dir='ltr'>llhomanae</span> <span class='ocrx_word' id='word_1_277' title='bbox 1479 2891 1592 2953; x_wconf 88' lang='lat' dir='ltr'>lraudis,</span> <span class='ocrx_word' id='word_1_278' title='bbox 1633 2922 1636 2931; x_wconf 92' lang='lat'><strong>·</strong></span> 
     </span>
     <span class='ocr_line' id='line_1_26' title="bbox 263 2971 1593 3050; baseline 0.006 -26"><span class='ocrx_word' id='word_1_279' title='bbox 263 2971 372 3044; x_wconf 72' lang='lat' dir='ltr'>eoquod</span> <span class='ocrx_word' id='word_1_280' title='bbox 388 2972 517 3028; x_wconf 88' lang='lat' dir='ltr'>haetenus</span> <span class='ocrx_word' id='word_1_281' title='bbox 533 2973 618 3029; x_wconf 88' lang='lat' dir='ltr'>tocies</span> <span class='ocrx_word' id='word_1_282' title='bbox 633 2973 743 3048; x_wconf 86' lang='lat' dir='ltr'>spoliati</span> <span class='ocrx_word' id='word_1_283' title='bbox 765 2974 816 3030; x_wconf 86' lang='lat' dir='ltr'>sub</span> <span class='ocrx_word' id='word_1_284' title='bbox 835 2985 968 3049; x_wconf 68' lang='lat' dir='ltr'>praetextu</span> <span class='ocrx_word' id='word_1_285' title='bbox 988 2976 1098 3050; x_wconf 86' lang='lat' dir='ltr'>pietatis</span> <span class='ocrx_word' id='word_1_286' title='bbox 1118 2994 1167 3050; x_wconf 91' lang='lat' dir='ltr'>pro</span> <span class='ocrx_word' id='word_1_287' title='bbox 1188 2975 1291 3050; x_wconf 88' lang='lat' dir='ltr'>palliis.</span> <span class='ocrx_word' id='word_1_288' title='bbox 1316 2993 1365 3049; x_wconf 92' lang='lat' dir='ltr'>pro</span> <span class='ocrx_word' id='word_1_289' title='bbox 1380 2975 1593 3032; x_wconf 86' lang='lat' dir='ltr'>confirmationi·</span> 
     </span>
     <span class='ocr_line' id='line_1_27' title="bbox 299 3052 1662 3139; baseline 0.001 -28"><span class='ocrx_word' id='word_1_290' title='bbox 299 3056 357 3118; x_wconf 89' lang='lat' dir='ltr'>bus,</span> <span class='ocrx_word' id='word_1_291' title='bbox 376 3075 426 3130; x_wconf 90' lang='lat' dir='ltr'>pro</span> <span class='ocrx_word' id='word_1_292' title='bbox 437 3059 522 3113; x_wconf 79' lang='lat' dir='ltr'>lnrca</span> <span class='ocrx_word' id='word_1_293' title='bbox 532 3057 700 3115; x_wconf 87' lang='lat' dir='ltr'>debellando.</span> <span class='ocrx_word' id='word_1_294' title='bbox 725 3078 795 3116; x_wconf 91' lang='lat' dir='ltr'>nune</span> <span class='ocrx_word' id='word_1_295' title='bbox 810 3061 843 3115; x_wconf 88' lang='lat' dir='ltr'>ad</span> <span class='ocrx_word' id='word_1_296' title='bbox 855 3061 939 3117; x_wconf 86' lang='lat' dir='ltr'>maius</span> <span class='ocrx_word' id='word_1_297' title='bbox 955 3061 1154 3117; x_wconf 89' lang='lat' dir='ltr'>incommodum</span> <span class='ocrx_word' id='word_1_298' title='bbox 1166 3059 1319 3117; x_wconf 84' lang='lat' dir='ltr'>Cardinales</span> <span class='ocrx_word' id='word_1_299' title='bbox 1334 3061 1361 3115; x_wconf 91' lang='lat' dir='ltr'>in</span> <span class='ocrx_word' id='word_1_300' title='bbox 1380 3059 1386 3133; x_wconf 87' lang='grc' dir='ltr'>Ι</span> <span class='ocrx_word' id='word_1_301' title='bbox 1405 3077 1460 3117; x_wconf 89' lang='lat' dir='ltr'>me·</span> <span class='ocrx_word' id='word_1_302' title='bbox 1471 3052 1531 3139; x_wconf 67' lang='lat' dir='ltr'>[sot.</span> <span class='ocrx_word' id='word_1_303' title='bbox 1543 3061 1591 3113; x_wconf 72' lang='lat'>1³¹¹.</span> <span class='ocrx_word' id='word_1_304' title='bbox 1602 3068 1662 3119; x_wconf 79' lang='lat' dir='ltr'>§.tn</span> 
     </span>
     <span class='ocr_line' id='line_1_28' title="bbox 297 3142 1591 3219; baseline 0.003 -23"><span class='ocrx_word' id='word_1_305' title='bbox 297 3142 368 3197; x_wconf 91' lang='lat' dir='ltr'>diam</span> <span class='ocrx_word' id='word_1_306' title='bbox 397 3142 564 3198; x_wconf 86' lang='lat' dir='ltr'>Germaniam</span> <span class='ocrx_word' id='word_1_307' title='bbox 597 3144 762 3217; x_wconf 87' lang='lat' dir='ltr'>accepimus:</span> <span class='ocrx_word' id='word_1_308' title='bbox 800 3162 861 3200; x_wconf 90' lang='lat' dir='ltr'>nam</span> <span class='ocrx_word' id='word_1_309' title='bbox 887 3146 951 3219; x_wconf 90' lang='lat' dir='ltr'>quid</span> <span class='ocrx_word' id='word_1_310' title='bbox 979 3145 1036 3202; x_wconf 73' lang='lat' dir='ltr'>haee</span> <span class='ocrx_word' id='word_1_311' title='bbox 1065 3145 1170 3201; x_wconf 88' lang='lat' dir='ltr'>novitas</span> <span class='ocrx_word' id='word_1_312' title='bbox 1198 3143 1420 3200; x_wconf 82' lang='lat' dir='ltr'>Florentinornm</span> <span class='ocrx_word' id='word_1_313' title='bbox 1448 3145 1591 3216; x_wconf 84' lang='lat' dir='ltr'>parturiat.</span> 
     </span>
     <span class='ocr_line' id='line_1_29' title="bbox 298 3226 1593 3304; baseline 0.003 -24"><span class='ocrx_word' id='word_1_314' title='bbox 298 3226 371 3282; x_wconf 80' lang='lat' dir='ltr'>brevi</span> <span class='ocrx_word' id='word_1_315' title='bbox 393 3227 523 3283; x_wconf 86' lang='lat' dir='ltr'>iudicabit</span> <span class='ocrx_word' id='word_1_316' title='bbox 540 3237 661 3284; x_wconf 85' lang='lat' dir='ltr'>eventus.</span> <span class='ocrx_word' id='word_1_317' title='bbox 705 3229 763 3302; x_wconf 82' lang='lat' dir='ltr'>Ego</span> <span class='ocrx_word' id='word_1_318' title='bbox 782 3239 823 3292; x_wconf 90' lang='lat' dir='ltr'>te,</span> <span class='ocrx_word' id='word_1_319' title='bbox 847 3229 974 3292; x_wconf 88' lang='lat' dir='ltr'>blartine,</span> <span class='ocrx_word' id='word_1_320' title='bbox 1003 3248 1089 3304; x_wconf 79' lang='lat' dir='ltr'>saepe,</span> <span class='ocrx_word' id='word_1_321' title='bbox 1117 3248 1178 3286; x_wconf 91' lang='lat' dir='ltr'>eum</span> <span class='ocrx_word' id='word_1_322' title='bbox 1200 3230 1233 3286; x_wconf 86' lang='lat' dir='ltr'>de</span> <span class='ocrx_word' id='word_1_323' title='bbox 1256 3236 1283 3285; x_wconf 87' lang='lat' dir='ltr'>te</span> <span class='ocrx_word' id='word_1_324' title='bbox 1305 3245 1396 3285; x_wconf 88' lang='lat' dir='ltr'>sermo</span> <span class='ocrx_word' id='word_1_325' title='bbox 1418 3228 1520 3289; x_wconf 91' lang='lat' dir='ltr'>oritur,</span> <span class='ocrx_word' id='word_1_326' title='bbox 1546 3245 1593 3302; x_wconf 87' lang='lat' dir='ltr'>pa·</span> 
     </span>
     <span class='ocr_line' id='line_1_30' title="bbox 299 3306 1619 3388; baseline 0.001 -23"><span class='ocrx_word' id='word_1_327' title='bbox 299 3320 367 3367; x_wconf 90' lang='lat' dir='ltr'>trem</span> <span class='ocrx_word' id='word_1_328' title='bbox 390 3311 486 3385; x_wconf 79' lang='lat' dir='ltr'>patriae</span> <span class='ocrx_word' id='word_1_329' title='bbox 509 3311 586 3368; x_wconf 90' lang='lat' dir='ltr'>soleo</span> <span class='ocrx_word' id='word_1_330' title='bbox 609 3314 760 3387; x_wconf 84' lang='lat' dir='ltr'>appellare,</span> <span class='ocrx_word' id='word_1_331' title='bbox 782 3315 894 3388; x_wconf 78' lang='lat' dir='ltr'>dignum</span> <span class='ocrx_word' id='word_1_332' title='bbox 917 3333 998 3371; x_wconf 87' lang='lat' dir='ltr'>aurea</span> <span class='ocrx_word' id='word_1_333' title='bbox 1018 3324 1121 3377; x_wconf 84' lang='lat' dir='ltr'>statua,</span> <span class='ocrx_word' id='word_1_334' title='bbox 1142 3323 1170 3371; x_wconf 90' lang='lat' dir='ltr'>et</span> <span class='ocrx_word' id='word_1_335' title='bbox 1192 3314 1269 3369; x_wconf 87' lang='lat' dir='ltr'>lestis</span> <span class='ocrx_word' id='word_1_336' title='bbox 1291 3314 1451 3387; x_wconf 87' lang='lat' dir='ltr'>quotannis,</span> <span class='ocrx_word' id='word_1_337' title='bbox 1475 3312 1520 3385; x_wconf 90' lang='lat' dir='ltr'>qui</span> <span class='ocrx_word' id='word_1_338' title='bbox 1536 3312 1593 3385; x_wconf 93' lang='lat' dir='ltr'>pri·</span> <span class='ocrx_word' id='word_1_339' title='bbox 1617 3306 1619 3312; x_wconf 67' lang='grc'>’</span> 
     </span>
     <span class='ocr_line' id='line_1_31' title="bbox 262 3396 1591 3475; baseline 0.002 -27"><span class='ocrx_word' id='word_1_340' title='bbox 262 3408 358 3451; x_wconf 80' lang='lat' dir='ltr'>aornim</span> <span class='ocrx_word' id='word_1_341' title='bbox 378 3414 459 3452; x_wconf 89' lang='lat' dir='ltr'>ausus</span> <span class='ocrx_word' id='word_1_342' title='bbox 479 3415 508 3453; x_wconf 89' lang='lat' dir='ltr'>es</span> <span class='ocrx_word' id='word_1_343' title='bbox 531 3398 670 3454; x_wconf 87' lang='lat' dir='ltr'>vendicare</span> <span class='ocrx_word' id='word_1_344' title='bbox 696 3400 827 3473; x_wconf 90' lang='lat' dir='ltr'>populum</span> <span class='ocrx_word' id='word_1_345' title='bbox 848 3400 949 3456; x_wconf 89' lang='lat' dir='ltr'>domini</span> <span class='ocrx_word' id='word_1_346' title='bbox 972 3419 987 3456; x_wconf 91' lang='lat' dir='ltr'>a</span> <span class='ocrx_word' id='word_1_347' title='bbox 1008 3400 1098 3456; x_wconf 80' lang='lat' dir='ltr'>noxiis</span> <span class='ocrx_word' id='word_1_348' title='bbox 1120 3398 1309 3475; x_wconf 85' lang='lat' dir='ltr'>opinionibus,</span> <span class='ocrx_word' id='word_1_349' title='bbox 1335 3407 1363 3455; x_wconf 90' lang='lat' dir='ltr'>et</span> <span class='ocrx_word' id='word_1_350' title='bbox 1383 3405 1483 3454; x_wconf 89' lang='lat' dir='ltr'>rectam</span> <span class='ocrx_word' id='word_1_351' title='bbox 1505 3396 1591 3470; x_wconf 86' lang='lat' dir='ltr'>pieta·</span> 
     </span>
     <span class='ocr_line' id='line_1_32' title="bbox 298 3481 1659 3558; baseline 0.001 -23"><span class='ocrx_word' id='word_1_352' title='bbox 298 3488 351 3536; x_wconf 85' lang='lat' dir='ltr'>tem</span> <span class='ocrx_word' id='word_1_353' title='bbox 372 3499 503 3537; x_wconf 88' lang='lat' dir='ltr'>asserere.</span> <span class='ocrx_word' id='word_1_354' title='bbox 549 3499 632 3556; x_wconf 83' lang='lat' dir='ltr'>perge</span> <span class='ocrx_word' id='word_1_355' title='bbox 661 3492 690 3539; x_wconf 90' lang='lat' dir='ltr'>ut</span> <span class='ocrx_word' id='word_1_356' title='bbox 717 3484 837 3557; x_wconf 84' lang='lat' dir='ltr'>coepisti,</span> <span class='ocrx_word' id='word_1_357' title='bbox 867 3484 990 3557; x_wconf 89' lang='lat' dir='ltr'>relinque</span> <span class='ocrx_word' id='word_1_358' title='bbox 1018 3484 1169 3558; x_wconf 86' lang='lat' dir='ltr'>exemplum</span> <span class='ocrx_word' id='word_1_359' title='bbox 1200 3485 1333 3557; x_wconf 85' lang='lat' dir='ltr'>posteris;</span> <span class='ocrx_word' id='word_1_360' title='bbox 1364 3499 1425 3538; x_wconf 92' lang='lat' dir='ltr'>uam</span> <span class='ocrx_word' id='word_1_361' title='bbox 1450 3482 1501 3537; x_wconf 85' lang='lat' dir='ltr'>ista</span> <span class='ocrx_word' id='word_1_362' title='bbox 1525 3481 1590 3538; x_wconf 87' lang='lat' dir='ltr'>lacis</span> <span class='ocrx_word' id='word_1_363' title='bbox 1600 3486 1659 3536; x_wconf 80' lang='lat' dir='ltr'>§.ao</span> 
     </span>
     <span class='ocr_line' id='line_1_33' title="bbox 297 3566 1591 3642; baseline 0.001 -23"><span class='ocrx_word' id='word_1_364' title='bbox 297 3583 352 3621; x_wconf 92' lang='lat' dir='ltr'>non</span> <span class='ocrx_word' id='word_1_365' title='bbox 373 3567 431 3622; x_wconf 88' lang='lat' dir='ltr'>sine</span> <span class='ocrx_word' id='word_1_366' title='bbox 452 3566 563 3622; x_wconf 87' lang='lat' dir='ltr'>numine</span> <span class='ocrx_word' id='word_1_367' title='bbox 582 3568 687 3629; x_wconf 85' lang='lat' dir='ltr'>divum:</span> <span class='ocrx_word' id='word_1_368' title='bbox 720 3569 751 3625; x_wconf 91' lang='lat' dir='ltr'>ad</span> <span class='ocrx_word' id='word_1_369' title='bbox 775 3570 832 3625; x_wconf 77' lang='lat' dir='ltr'>haec</span> <span class='ocrx_word' id='word_1_370' title='bbox 853 3569 972 3642; x_wconf 77' lang='lat' dir='ltr'>respexit</span> <span class='ocrx_word' id='word_1_371' title='bbox 993 3569 1083 3624; x_wconf 89' lang='lat' dir='ltr'>divina</span> <span class='ocrx_word' id='word_1_372' title='bbox 1104 3568 1286 3642; x_wconf 88' lang='lat' dir='ltr'>providentia.</span> <span class='ocrx_word' id='word_1_373' title='bbox 1307 3567 1414 3640; x_wconf 88' lang='lat' dir='ltr'>quando</span> <span class='ocrx_word' id='word_1_374' title='bbox 1434 3575 1460 3623; x_wconf 85' lang='lat' dir='ltr'>te</span> <span class='ocrx_word' id='word_1_375' title='bbox 1476 3566 1591 3622; x_wconf 88' lang='lat' dir='ltr'>redeun-</span> 
     </span>
     <span class='ocr_line' id='line_1_34' title="bbox 296 3650 1591 3726; baseline 0.001 -22"><span class='ocrx_word' id='word_1_376' title='bbox 296 3659 349 3705; x_wconf 92' lang='lat' dir='ltr'>tem</span> <span class='ocrx_word' id='word_1_377' title='bbox 372 3651 567 3724; x_wconf 88' lang='lat' dir='ltr'>aparentibus</span> <span class='ocrx_word' id='word_1_378' title='bbox 594 3652 704 3709; x_wconf 72' lang='lat' dir='ltr'>coeleste</span> <span class='ocrx_word' id='word_1_379' title='bbox 729 3653 830 3709; x_wconf 87' lang='lat' dir='ltr'>luhnen</span> <span class='ocrx_word' id='word_1_380' title='bbox 850 3653 933 3710; x_wconf 75' lang='lat' dir='ltr'>veluti</span> <span class='ocrx_word' id='word_1_381' title='bbox 957 3653 1073 3710; x_wconf 88' lang='lat' dir='ltr'>alterum</span> <span class='ocrx_word' id='word_1_382' title='bbox 1096 3652 1209 3710; x_wconf 88' lang='lat' dir='ltr'>Paulum</span> <span class='ocrx_word' id='word_1_383' title='bbox 1234 3661 1296 3709; x_wconf 88' lang='lat' dir='ltr'>ante</span> <span class='ocrx_word' id='word_1_384' title='bbox 1327 3652 1461 3726; x_wconf 86' lang='lat' dir='ltr'>Oppidum</span> <span class='ocrx_word' id='word_1_385' title='bbox 1489 3650 1591 3706; x_wconf 80' lang='grc'><strong>11111111-</strong></span> 
     </span>
     <span class='ocr_line' id='line_1_35' title="bbox 296 3734 1589 3812; baseline 0.002 -23"><span class='ocrx_word' id='word_1_386' title='bbox 296 3734 405 3790; x_wconf 87' lang='lat' dir='ltr'>diaeum</span> <span class='ocrx_word' id='word_1_387' title='bbox 428 3736 455 3791; x_wconf 84' lang='lat' dir='ltr'>in</span> <span class='ocrx_word' id='word_1_388' title='bbox 478 3744 578 3792; x_wconf 89' lang='lat' dir='ltr'>terram</span> <span class='ocrx_word' id='word_1_389' title='bbox 606 3739 755 3811; x_wconf 87' lang='lat' dir='ltr'>prostravit</span> <span class='ocrx_word' id='word_1_390' title='bbox 778 3748 860 3812; x_wconf 89' lang='lat' dir='ltr'>atque</span> <span class='ocrx_word' id='word_1_391' title='bbox 887 3739 958 3794; x_wconf 89' lang='lat' dir='ltr'>intra</span> <span class='ocrx_word' id='word_1_392' title='bbox 979 3738 1176 3811; x_wconf 76' lang='lat' dir='ltr'>Augustiniana</span> <span class='ocrx_word' id='word_1_393' title='bbox 1202 3746 1279 3811; x_wconf 88' lang='lat' dir='ltr'>septa</span> <span class='ocrx_word' id='word_1_394' title='bbox 1305 3736 1438 3810; x_wconf 89' lang='lat' dir='ltr'>compulit</span> <span class='ocrx_word' id='word_1_395' title='bbox 1457 3752 1472 3791; x_wconf 93' lang='lat' dir='ltr'>e</span> <span class='ocrx_word' id='word_1_396' title='bbox 1494 3743 1589 3791; x_wconf 89' lang='lat' dir='ltr'>nostro</span> 
     </span>
     <span class='ocr_line' id='line_1_36' title="bbox 260 3818 1658 3896; baseline 0 -26"><span class='ocrx_word' id='word_1_397' title='bbox 260 3820 455 3881; x_wconf 77' lang='lat' dir='ltr'>ascensorcio,</span> <span class='ocrx_word' id='word_1_398' title='bbox 477 3820 634 3877; x_wconf 88' lang='lat' dir='ltr'>tristissimo</span> <span class='ocrx_word' id='word_1_399' title='bbox 655 3831 702 3878; x_wconf 92' lang='lat' dir='ltr'>tuo</span> <span class='ocrx_word' id='word_1_400' title='bbox 722 3823 852 3879; x_wconf 83' lang='lat' dir='ltr'>discessu.</span> <span class='ocrx_word' id='word_1_401' title='bbox 885 3823 950 3879; x_wconf 88' lang='lat' dir='ltr'>Post</span> <span class='ocrx_word' id='word_1_402' title='bbox 971 3824 1024 3879; x_wconf 89' lang='lat' dir='ltr'>hoe</span> <span class='ocrx_word' id='word_1_403' title='bbox 1043 3832 1148 3896; x_wconf 80' lang='lat' dir='ltr'>tenipus</span> <span class='ocrx_word' id='word_1_404' title='bbox 1168 3822 1219 3879; x_wconf 90' lang='lat' dir='ltr'>etsi</span> <span class='ocrx_word' id='word_1_405' title='bbox 1241 3839 1300 3877; x_wconf 90' lang='lat' dir='ltr'>rara</span> <span class='ocrx_word' id='word_1_406' title='bbox 1323 3821 1407 3877; x_wconf 91' lang='lat' dir='ltr'>luerit</span> <span class='ocrx_word' id='word_1_407' title='bbox 1421 3818 1590 3877; x_wconf 80' lang='lat' dir='ltr'>familiaritas</span> <span class='ocrx_word' id='word_1_408' title='bbox 1601 3829 1658 3879; x_wconf 70' lang='lat' dir='ltr'>§.tn</span> 
     </span>
     <span class='ocr_line' id='line_1_37' title="bbox 246 3905 1590 3981; baseline 0.001 -23"><span class='ocrx_word' id='word_1_409' title='bbox 246 3954 252 3966; x_wconf 84' lang='lat'>,</span> <span class='ocrx_word' id='word_1_410' title='bbox 297 3913 407 3965; x_wconf 88' lang='lat' dir='ltr'>nostra,</span> <span class='ocrx_word' id='word_1_411' title='bbox 430 3905 535 3960; x_wconf 91' lang='lat' dir='ltr'>animus</span> <span class='ocrx_word' id='word_1_412' title='bbox 559 3913 646 3962; x_wconf 90' lang='lat' dir='ltr'>tamen</span> <span class='ocrx_word' id='word_1_413' title='bbox 671 3925 746 3963; x_wconf 88' lang='lat' dir='ltr'>meus</span> <span class='ocrx_word' id='word_1_414' title='bbox 772 3926 881 3981; x_wconf 90' lang='lat' dir='ltr'>semper</span> <span class='ocrx_word' id='word_1_415' title='bbox 901 3917 964 3964; x_wconf 89' lang='lat' dir='ltr'>tuns</span> <span class='ocrx_word' id='word_1_416' title='bbox 987 3908 1098 3969; x_wconf 86' lang='lat' dir='ltr'>mansit,</span> <span class='ocrx_word' id='word_1_417' title='bbox 1121 3916 1151 3963; x_wconf 91' lang='lat' dir='ltr'>nt</span> <span class='ocrx_word' id='word_1_418' title='bbox 1173 3906 1310 3981; x_wconf 88' lang='lat' dir='ltr'>potuisses</span> <span class='ocrx_word' id='word_1_419' title='bbox 1329 3905 1540 3962; x_wconf 88' lang='lat' dir='ltr'>animadvertere</span> <span class='ocrx_word' id='word_1_420' title='bbox 1558 3921 1590 3960; x_wconf 82' lang='lat' dir='ltr'>er</span> 
     </span>
     <span class='ocr_line' id='line_1_38' title="bbox 295 3988 1590 4066; baseline 0.002 -23"><span class='ocrx_word' id='word_1_421' title='bbox 295 3988 411 4062; x_wconf 90' lang='lat' dir='ltr'>epistola</span> <span class='ocrx_word' id='word_1_422' title='bbox 438 4007 517 4062; x_wconf 90' lang='lat' dir='ltr'>qnam</span> <span class='ocrx_word' id='word_1_423' title='bbox 547 3992 689 4064; x_wconf 87' lang='lat' dir='ltr'>superiore</span> <span class='ocrx_word' id='word_1_424' title='bbox 717 4010 788 4047; x_wconf 89' lang='lat' dir='ltr'>anno</span> <span class='ocrx_word' id='word_1_425' title='bbox 815 3994 847 4048; x_wconf 85' lang='lat' dir='ltr'>ad</span> <span class='ocrx_word' id='word_1_426' title='bbox 877 4001 903 4049; x_wconf 93' lang='lat' dir='ltr'>te</span> <span class='ocrx_word' id='word_1_427' title='bbox 931 3992 990 4049; x_wconf 87' lang='lat' dir='ltr'>misi</span> <span class='ocrx_word' id='word_1_428' title='bbox 1021 3996 1184 4066; x_wconf 81' lang='lat' dir='ltr'>hugrrstam,</span> <span class='ocrx_word' id='word_1_429' title='bbox 1213 3992 1236 4046; x_wconf 92' lang='lat' dir='ltr'>si</span> <span class='ocrx_word' id='word_1_430' title='bbox 1262 3992 1360 4047; x_wconf 89' lang='lat' dir='ltr'>luisset</span> <span class='ocrx_word' id='word_1_431' title='bbox 1387 3990 1506 4051; x_wconf 86' lang='lat' dir='ltr'>reddita,</span> <span class='ocrx_word' id='word_1_432' title='bbox 1535 4006 1590 4063; x_wconf 91' lang='lat' dir='ltr'>quo</span> 
     </span>
     <span class='ocr_line' id='line_1_39' title="bbox 296 4075 1591 4151; baseline 0.003 -24"><span class='ocrx_word' id='word_1_433' title='bbox 296 4081 418 4146; x_wconf 89' lang='lat' dir='ltr'>tempore</span> <span class='ocrx_word' id='word_1_434' title='bbox 440 4082 466 4129; x_wconf 91' lang='lat' dir='ltr'>te</span> <span class='ocrx_word' id='word_1_435' title='bbox 487 4092 593 4130; x_wconf 88' lang='lat' dir='ltr'>summo</span> <span class='ocrx_word' id='word_1_436' title='bbox 612 4076 702 4132; x_wconf 88' lang='lat' dir='ltr'>studio</span> <span class='ocrx_word' id='word_1_437' title='bbox 723 4077 906 4133; x_wconf 80' lang='lat' dir='ltr'>cornnrendavi</span> <span class='ocrx_word' id='word_1_438' title='bbox 927 4079 1037 4134; x_wconf 80' lang='lat' dir='ltr'>Tlronrae</span> <span class='ocrx_word' id='word_1_439' title='bbox 1059 4077 1133 4133; x_wconf 78' lang='lat' dir='ltr'>l&#39;nxo</span> <span class='ocrx_word' id='word_1_440' title='bbox 1156 4077 1241 4151; x_wconf 89' lang='lat' dir='ltr'>equiti</span> <span class='ocrx_word' id='word_1_441' title='bbox 1261 4076 1423 4133; x_wconf 88' lang='lat' dir='ltr'>auctoritate</span> <span class='ocrx_word' id='word_1_442' title='bbox 1443 4075 1514 4149; x_wconf 91' lang='lat' dir='ltr'>apud</span> <span class='ocrx_word' id='word_1_443' title='bbox 1536 4075 1591 4131; x_wconf 76' lang='lat' dir='ltr'><strong>(1ae-</strong></span> 
     </span>
     <span class='ocr_line' id='line_1_40' title="bbox 295 4160 1659 4236; baseline 0.001 -25"><span class='ocrx_word' id='word_1_444' title='bbox 295 4175 382 4213; x_wconf 87' lang='lat' dir='ltr'>sarem</span> <span class='ocrx_word' id='word_1_445' title='bbox 405 4168 536 4232; x_wconf 85' lang='lat' dir='ltr'>spectato.</span> <span class='ocrx_word' id='word_1_446' title='bbox 581 4161 721 4234; x_wconf 69' lang='lat' dir='ltr'>fatigatus</span> <span class='ocrx_word' id='word_1_447' title='bbox 742 4163 848 4235; x_wconf 91' lang='lat' dir='ltr'>quidem</span> <span class='ocrx_word' id='word_1_448' title='bbox 871 4180 901 4219; x_wconf 89' lang='lat' dir='ltr'>es</span> <span class='ocrx_word' id='word_1_449' title='bbox 924 4164 1053 4219; x_wconf 88' lang='lat' dir='ltr'>hactenus</span> <span class='ocrx_word' id='word_1_450' title='bbox 1076 4170 1103 4218; x_wconf 89' lang='lat' dir='ltr'>et</span> <span class='ocrx_word' id='word_1_451' title='bbox 1122 4180 1240 4236; x_wconf 88' lang='lat' dir='ltr'>corpore</span> <span class='ocrx_word' id='word_1_452' title='bbox 1266 4170 1294 4218; x_wconf 90' lang='lat' dir='ltr'>et</span> <span class='ocrx_word' id='word_1_453' title='bbox 1323 4161 1392 4218; x_wconf 86' lang='lat' dir='ltr'>lama</span> <span class='ocrx_word' id='word_1_454' title='bbox 1421 4160 1505 4217; x_wconf 88' lang='lat' dir='ltr'>multa</span> <span class='ocrx_word' id='word_1_455' title='bbox 1530 4168 1659 4234; x_wconf 73' lang='lat' dir='ltr'>per-§.²²¹</span> 
     </span>
     <span class='ocr_line' id='line_1_41' title="bbox 260 4244 1589 4323; baseline 0.008 -28"><span class='ocrx_word' id='word_1_456' title='bbox 260 4256 287 4295; x_wconf 76' lang='lat' dir='ltr'>ro</span> <span class='ocrx_word' id='word_1_457' title='bbox 297 4260 407 4315; x_wconf 88' lang='lat' dir='ltr'>pessus:</span> <span class='ocrx_word' id='word_1_458' title='bbox 437 4244 483 4299; x_wconf 92' lang='lat' dir='ltr'>sed</span> <span class='ocrx_word' id='word_1_459' title='bbox 506 4246 588 4301; x_wconf 86' lang='lat' dir='ltr'>ardua</span> <span class='ocrx_word' id='word_1_460' title='bbox 617 4247 676 4302; x_wconf 86' lang='lat' dir='ltr'>siue</span> <span class='ocrx_word' id='word_1_461' title='bbox 705 4247 780 4319; x_wconf 80' lang='lat' dir='ltr'>gravi</span> <span class='ocrx_word' id='word_1_462' title='bbox 808 4247 901 4304; x_wconf 90' lang='lat' dir='ltr'>labore</span> <span class='ocrx_word' id='word_1_463' title='bbox 928 4266 982 4304; x_wconf 91' lang='lat' dir='ltr'>non</span> <span class='ocrx_word' id='word_1_464' title='bbox 1004 4248 1195 4323; x_wconf 90' lang='lat' dir='ltr'>perliciuntur:</span> <span class='ocrx_word' id='word_1_465' title='bbox 1229 4246 1273 4302; x_wconf 90' lang='lat' dir='ltr'>ubi</span> <span class='ocrx_word' id='word_1_466' title='bbox 1294 4247 1354 4304; x_wconf 89' lang='lat' dir='ltr'>linis</span> <span class='ocrx_word' id='word_1_467' title='bbox 1375 4246 1428 4302; x_wconf 88' lang='lat' dir='ltr'>crit</span> <span class='ocrx_word' id='word_1_468' title='bbox 1448 4244 1589 4306; x_wconf 81' lang='lat' dir='ltr'>malorum.</span> 
     </span>
     <span class='ocr_line' id='line_1_42' title="bbox 295 4327 1590 4407; baseline 0.002 -27"><span class='ocrx_word' id='word_1_469' title='bbox 295 4327 450 4383; x_wconf 82' lang='lat' dir='ltr'>irreminisse</span> <span class='ocrx_word' id='word_1_470' title='bbox 472 4328 587 4393; x_wconf 80' lang='lat' dir='ltr'>iurabit,</span> <span class='ocrx_word' id='word_1_471' title='bbox 610 4339 638 4387; x_wconf 89' lang='lat' dir='ltr'>et</span> <span class='ocrx_word' id='word_1_472' title='bbox 659 4330 733 4388; x_wconf 89' lang='lat' dir='ltr'>dices</span> <span class='ocrx_word' id='word_1_473' title='bbox 757 4332 887 4389; x_wconf 82' lang='lat' dir='ltr'>‘Transivi</span> <span class='ocrx_word' id='word_1_474' title='bbox 910 4351 960 4407; x_wconf 89' lang='lat' dir='ltr'>per</span> <span class='ocrx_word' id='word_1_475' title='bbox 980 4349 1078 4407; x_wconf 90' lang='lat' dir='ltr'>aquam</span> <span class='ocrx_word' id='word_1_476' title='bbox 1101 4341 1128 4391; x_wconf 86' lang='lat' dir='ltr'>et</span> <span class='ocrx_word' id='word_1_477' title='bbox 1150 4333 1241 4407; x_wconf 82' lang='lat' dir='ltr'>ignem</span> <span class='ocrx_word' id='word_1_478' title='bbox 1263 4342 1291 4389; x_wconf 91' lang='lat' dir='ltr'>et</span> <span class='ocrx_word' id='word_1_479' title='bbox 1305 4331 1396 4388; x_wconf 88' lang='lat' dir='ltr'>salvus</span> <span class='ocrx_word' id='word_1_480' title='bbox 1410 4331 1498 4387; x_wconf 88' lang='lat' dir='ltr'>laetus</span> <span class='ocrx_word' id='word_1_481' title='bbox 1514 4329 1590 4385; x_wconf 86' lang='lat' dir='ltr'>sum’.</span> 
     </span>
    </p>
   </div>
   <div class='ocr_carea' id='block_1_3' title="bbox 294 4575 1590 5152">
    <p class='ocr_par' dir='ltr' id='par_1_3' title="bbox 294 4575 1590 5152">
     <span class='ocr_line' id='line_1_43' title="bbox 363 4575 1590 4645; baseline -0.001 -18"><span class='ocrx_word' id='word_1_482' title='bbox 363 4575 510 4645; x_wconf 76' lang='lat' dir='ltr'>¹,quendol</span> <span class='ocrx_word' id='word_1_483' title='bbox 529 4577 597 4629; x_wconf 83' lang='lat' dir='ltr'>Cum</span> <span class='ocrx_word' id='word_1_484' title='bbox 610 4583 636 4629; x_wconf 88' lang='lat'>2.</span> <span class='ocrx_word' id='word_1_485' title='bbox 688 4579 843 4645; x_wconf 69' lang='grc' dir='ltr'>*Χριστοῦ</span> <span class='ocrx_word' id='word_1_486' title='bbox 854 4586 879 4632; x_wconf 82' lang='grc'>2.</span> <span class='ocrx_word' id='word_1_487' title='bbox 922 4581 1101 4633; x_wconf 76' lang='lat' dir='ltr'>‘Catedrem</span> <span class='ocrx_word' id='word_1_488' title='bbox 1113 4584 1139 4631; x_wconf 84' lang='lat'>2.</span> <span class='ocrx_word' id='word_1_489' title='bbox 1179 4581 1363 4630; x_wconf 75' lang='lat' dir='ltr'>&#39;invaserint</span> <span class='ocrx_word' id='word_1_490' title='bbox 1374 4581 1400 4629; x_wconf 84' lang='lat'>2.</span> <span class='ocrx_word' id='word_1_491' title='bbox 1442 4577 1551 4643; x_wconf 84' lang='lat' dir='ltr'>quidem</span> <span class='ocrx_word' id='word_1_492' title='bbox 1563 4579 1590 4626; x_wconf 90' lang='lat'>2.</span> 
     </span>
     <span class='ocr_line' id='line_1_44' title="bbox 294 4658 1590 4732; baseline 0.003 -24"><span class='ocrx_word' id='word_1_493' title='bbox 294 4658 725 4726; x_wconf 66' lang='grc' dir='ltr'>91111111.11.111ο.111ῡ11111)α12.</span> <span class='ocrx_word' id='word_1_494' title='bbox 795 4664 814 4699; x_wconf 90' lang='lat'>¹¹</span> <span class='ocrx_word' id='word_1_495' title='bbox 834 4665 889 4732; x_wconf 87' lang='lat' dir='ltr'>dei]</span> <span class='ocrx_word' id='word_1_496' title='bbox 910 4666 1022 4716; x_wconf 89' lang='lat' dir='ltr'>Domini</span> <span class='ocrx_word' id='word_1_497' title='bbox 1036 4666 1062 4715; x_wconf 84' lang='lat'>2.</span> <span class='ocrx_word' id='word_1_498' title='bbox 1133 4663 1154 4698; x_wconf 80' lang='lat'>¹¹</span> <span class='ocrx_word' id='word_1_499' title='bbox 1172 4661 1258 4728; x_wconf 83' lang='lat' dir='ltr'>dicet]</span> <span class='ocrx_word' id='word_1_500' title='bbox 1288 4664 1470 4730; x_wconf 80' lang='lat' dir='ltr'>Evang.eec.</span> <span class='ocrx_word' id='word_1_501' title='bbox 1489 4661 1590 4712; x_wconf 74' lang='lat' dir='ltr'>Metti.</span> 
     </span>
     <span class='ocr_line' id='line_1_45' title="bbox 295 4743 1589 4814; baseline 0.002 -21"><span class='ocrx_word' id='word_1_502' title='bbox 295 4745 368 4794; x_wconf 87' lang='lat' dir='ltr'>xvl.</span> <span class='ocrx_word' id='word_1_503' title='bbox 384 4743 423 4794; x_wconf 83' lang='lat'>19.</span> <span class='ocrx_word' id='word_1_504' title='bbox 495 4745 516 4779; x_wconf 85' lang='lat'>¹⁴</span> <span class='ocrx_word' id='word_1_505' title='bbox 534 4751 662 4813; x_wconf 85' lang='lat' dir='ltr'>petieris,</span> <span class='ocrx_word' id='word_1_506' title='bbox 688 4752 713 4800; x_wconf 81' lang='lat' dir='ltr'>si</span> <span class='ocrx_word' id='word_1_507' title='bbox 735 4766 762 4814; x_wconf 87' lang='lat' dir='ltr'>p.</span> <span class='ocrx_word' id='word_1_508' title='bbox 778 4754 803 4800; x_wconf 87' lang='lat'>2.</span> <span class='ocrx_word' id='word_1_509' title='bbox 874 4747 1046 4814; x_wconf 68' lang='grc'>11111]1112.</span> <span class='ocrx_word' id='word_1_510' title='bbox 1117 4744 1233 4811; x_wconf 75' lang='grc' dir='ltr'>Π1111111]</span> <span class='ocrx_word' id='word_1_511' title='bbox 1253 4748 1358 4799; x_wconf 82' lang='lat' dir='ltr'>viris2.</span> <span class='ocrx_word' id='word_1_512' title='bbox 1433 4744 1454 4779; x_wconf 81' lang='lat'>¹⁸</span> <span class='ocrx_word' id='word_1_513' title='bbox 1472 4743 1589 4811; x_wconf 85' lang='lat' dir='ltr'>quoque]</span> 
     </span>
     <span class='ocr_line' id='line_1_46' title="bbox 296 4829 1589 4901; baseline 0.002 -25"><span class='ocrx_word' id='word_1_514' title='bbox 296 4842 377 4891; x_wconf 84' lang='lat' dir='ltr'>quam</span> <span class='ocrx_word' id='word_1_515' title='bbox 391 4830 416 4877; x_wconf 87' lang='lat'>2.</span> <span class='ocrx_word' id='word_1_516' title='bbox 452 4851 456 4855; x_wconf 61' lang='lat'><strong><em>¹</em></strong></span> <span class='ocrx_word' id='word_1_517' title='bbox 487 4838 608 4881; x_wconf 83' lang='lat' dir='ltr'>meretur</span> <span class='ocrx_word' id='word_1_518' title='bbox 624 4836 681 4884; x_wconf 81' lang='lat' dir='ltr'>eod.</span> <span class='ocrx_word' id='word_1_519' title='bbox 695 4842 720 4883; x_wconf 83' lang='lat' dir='ltr'>et</span> <span class='ocrx_word' id='word_1_520' title='bbox 733 4838 759 4885; x_wconf 87' lang='lat'>2.</span> <span class='ocrx_word' id='word_1_521' title='bbox 825 4840 956 4901; x_wconf 82' lang='lat' dir='ltr'>quantum</span> <span class='ocrx_word' id='word_1_522' title='bbox 969 4835 995 4881; x_wconf 88' lang='lat'>2.</span> <span class='ocrx_word' id='word_1_523' title='bbox 1067 4832 1238 4883; x_wconf 69' lang='lat' dir='ltr'>concilietl.</span> <span class='ocrx_word' id='word_1_524' title='bbox 1303 4829 1322 4863; x_wconf 80' lang='lat'>²¹</span> <span class='ocrx_word' id='word_1_525' title='bbox 1342 4831 1473 4881; x_wconf 81' lang='lat' dir='ltr'>libertate</span> <span class='ocrx_word' id='word_1_526' title='bbox 1492 4830 1589 4880; x_wconf 86' lang='lat' dir='ltr'>Eccle-</span> 
     </span>
     <span class='ocr_line' id='line_1_47' title="bbox 295 4913 1589 4984; baseline 0.003 -24"><span class='ocrx_word' id='word_1_527' title='bbox 295 4913 451 4966; x_wconf 74' lang='lat' dir='ltr'>siastieet.</span> <span class='ocrx_word' id='word_1_528' title='bbox 488 4914 657 4966; x_wconf 80' lang='lat' dir='ltr'>rheeiarod.</span> <span class='ocrx_word' id='word_1_529' title='bbox 699 4915 721 4948; x_wconf 79' lang='lat'>²⁴</span> <span class='ocrx_word' id='word_1_530' title='bbox 739 4917 871 4984; x_wconf 82' lang='lat' dir='ltr'>rudemq]</span> <span class='ocrx_word' id='word_1_531' title='bbox 892 4918 1102 4983; x_wconf 72' lang='lat' dir='ltr'>eandemquet.</span> <span class='ocrx_word' id='word_1_532' title='bbox 1145 4915 1167 4950; x_wconf 78' lang='lat'>²⁸</span> <span class='ocrx_word' id='word_1_533' title='bbox 1185 4916 1361 4966; x_wconf 76' lang='lat' dir='ltr'>iudicabita.</span> <span class='ocrx_word' id='word_1_534' title='bbox 1408 4915 1431 4947; x_wconf 81' lang='lat'>³⁰</span> <span class='ocrx_word' id='word_1_535' title='bbox 1450 4913 1488 4980; x_wconf 84' lang='lat' dir='ltr'>es]</span> <span class='ocrx_word' id='word_1_536' title='bbox 1509 4918 1589 4964; x_wconf 83' lang='lat' dir='ltr'>est2.</span> 
     </span>
     <span class='ocr_line' id='line_1_48' title="bbox 294 4994 1590 5063; baseline 0.001 -16"><span class='ocrx_word' id='word_1_537' title='bbox 294 4994 317 5028; x_wconf 82' lang='lat'>³²</span> <span class='ocrx_word' id='word_1_538' title='bbox 335 4996 569 5063; x_wconf 65' lang='lat' dir='ltr'>qnandoleuml.</span> <span class='ocrx_word' id='word_1_539' title='bbox 622 4999 674 5033; x_wconf 57' lang='grc' dir='ltr'><strong>Μ</strong></span> <span class='ocrx_word' id='word_1_540' title='bbox 693 5003 929 5053; x_wconf 76' lang='lat' dir='ltr'>Erfurdianum2.</span> <span class='ocrx_word' id='word_1_541' title='bbox 981 5000 1003 5034; x_wconf 81' lang='lat'>⁸⁸</span> <span class='ocrx_word' id='word_1_542' title='bbox 1021 5003 1170 5052; x_wconf 78' lang='lat' dir='ltr'>Fuchso2.</span> <span class='ocrx_word' id='word_1_543' title='bbox 1223 4998 1590 5063; x_wconf 67' lang='grc'>4111111,1111110111111111111111-</span> 
     </span>
     <span class='ocr_line' id='line_1_49' title="bbox 294 5082 1106 5152; baseline 0.005 -20"><span class='ocrx_word' id='word_1_544' title='bbox 294 5083 383 5147; x_wconf 79' lang='lat' dir='ltr'>nisse,</span> <span class='ocrx_word' id='word_1_545' title='bbox 403 5084 510 5134; x_wconf 87' lang='lat' dir='ltr'>iurabis</span> <span class='ocrx_word' id='word_1_546' title='bbox 523 5086 548 5135; x_wconf 85' lang='lat'>2.</span> <span class='ocrx_word' id='word_1_547' title='bbox 601 5082 622 5117; x_wconf 84' lang='lat'>⁴¹</span> <span class='ocrx_word' id='word_1_548' title='bbox 640 5083 781 5152; x_wconf 71' lang='lat' dir='ltr'>Transiri]</span> <span class='ocrx_word' id='word_1_549' title='bbox 801 5087 838 5137; x_wconf 81' lang='lat' dir='ltr'>cf.</span> <span class='ocrx_word' id='word_1_550' title='bbox 851 5085 953 5137; x_wconf 80' lang='lat' dir='ltr'>Psalm.</span> <span class='ocrx_word' id='word_1_551' title='bbox 966 5085 1051 5137; x_wconf 84' lang='lat' dir='ltr'><strong>LXV.</strong></span> <span class='ocrx_word' id='word_1_552' title='bbox 1066 5085 1106 5136; x_wconf 82' lang='lat'>12.</span> 
     </span>
    </p>
   </div>
   <div class='ocr_carea' id='block_1_4' title="bbox 0 0 2038 6209">
    <p class='ocr_par' dir='ltr' id='par_1_4' title="bbox 0 0 2038 6209">
     <span class='ocr_line' id='line_1_50' title="bbox 0 0 2038 6209; baseline 0 2"><span class='ocrx_word' id='word_1_553' title='bbox 0 0 2038 6209; x_wconf 95' lang='lat' dir='ltr'> </span> 
     </span>
    </p>
   </div>
  </div>
 </body>
</html>
