4067 6209
373 799 377 808 ·
425 759 499 835 202
565 774 622 858 xq
642 789 764 826 surram
779 788 997 827 uerrucarum.
1012 789 1085 826 vrrs
1100 789 1232 827 sennar.
1249 791 1330 828 oeno.
1350 794 1375 827 n.
1389 786 1423 828 et.
1439 794 1499 829 oca.
1515 787 1575 833 ists.

427 947 604 1030 dependeat:
638 946 716 1025 qrrod
744 946 798 1006 nisi
827 944 926 1014 luero,
958 963 1061 1006 omnes
1090 945 1144 1007 sibi
1170 948 1268 1008 omnia
1296 946 1325 1008 iu
1352 969 1398 1009 me
1426 950 1515 1012 licere
1541 959 1662 1030 putant:
1695 953 1717 1014 si

426 1055 511 1117 luero
527 1054 628 1118 etiam,
650 1050 738 1109 mixta
756 1048 802 1108 illa
813 1032 952 1126 'periculo
967 1055 996 1108 et
1011 1049 1168 1109 cottidiano
1188 1057 1269 1110 metu
1290 1068 1358 1128 spes
1372 1058 1432 1119 est;
1450 1072 1556 1132 nempe
1576 1057 1717 1134 siquando

425 1156 561 1234 egrediar
584 1153 686 1219 (tomo,
708 1150 871 1229 periculum
894 1158 952 1219 est,
977 1153 1005 1210 in
1025 1169 1076 1209 eos
1094 1169 1131 1210 ne
1150 1152 1291 1219 incidam,
1313 1153 1489 1231 quibuscum
1506 1156 1561 1223 illi,
1586 1156 1718 1235 quisquis

426 1264 470 1319 est
492 1258 645 1336 princepe,
668 1255 823 1329 negocium
845 1254 882 1312 sit
903 1260 952 1312 aut
977 1252 1086 1312 bellum
1109 1255 1159 1321 sit,
1185 1273 1243 1331 quo
1261 1274 1307 1313 me
1329 1258 1447 1316 nomine
1467 1258 1603 1317 invadant
1621 1265 1650 1317 et
1666 1258 1717 1317 ab·

424 1361 546 1438 ripiaut;
582 1356 659 1436 ‹prrod
682 1357 707 1414 si
729 1355 803 1415 mala
827 1372 891 1413 mea
916 1354 1032 1414 fortuna
1062 1357 1224 1429 occuluerat,
1259 1357 1412 1416 dimidium
1438 1358 1523 1418 larile
1550 1361 1738 1438 patrimonii⁵

426 1462 563 1524 adimitur
577 1460 606 1518 in
623 1459 872 1534 redemptionum
889 1463 975 1534 atque
993 1458 1048 1525 ita,
1065 1456 1142 1517 unde
1158 1458 1357 1518 defensionem
1375 1478 1579 1538 speraveram,
1597 1463 1719 1522 ollensio

357 1561 578 1625 ¹³¹·inomnliit.
623 1556 747 1638 proinde
768 1558 848 1618 lrunc
870 1560 1007 1655 in'rsum
1029 1577 1121 1636 equus
1143 1558 1246 1618 alimus
1267 1566 1296 1618 et
1314 1579 1394 1620 arma
1417 1581 1642 1640 comparamus,
1664 1583 1719 1624 nu·

425 1683 543 1726 meroso
567 1664 705 1722 comitatu
725 1663 883 1740 stipamur,
915 1661 1030 1735 maguis
1052 1665 1080 1719 et.
1101 1660 1240 1735 gravibus
1262 1680 1315 1738 per
1341 1665 1437 1723 omnia
1468 1665 1651 1743 sunrptilms;
1676 1668 1719 1725 iu·

426 1767 512 1827 terim
536 1765 579 1825 rel
601 1765 727 1824 duorum
747 1764 882 1836 iugerum
902 1763 1005 1821 itinere
1027 1763 1081 1820 nisi
1104 1764 1207 1822 annuti
1227 1780 1285 1821 non
1303 1767 1500 1842 expatiantur:
1525 1765 1634 1826 nullam
1652 1767 1720 1828 lieet

426 1847 522 1929 villam
544 1867 648 1927 inermi
671 1865 778 1932 risere,
802 1882 860 1922 urm
885 1869 1035 1931 retiatum,
1064 1882 1123 1922 non
1146 1866 1290 1941 piscatum
1313 1868 1394 1925 exire
1417 1867 1500 1935 lieet,
1527 1870 1584 1929 uisi
1607 1869 1716 1930 terreo.
1730 1882 1751 1922 u

357 1970 570 2051 §Atuatuca
592 1966 706 2027 crolum
728 1972 830 2026 nnrtuo
845 1955 1048 2025 contentiones
1063 1967 1139 2024 iuter
1160 1966 1269 2026 villicos
1286 1966 1410 2027 aliorum
1432 1976 1460 2028 et
1482 1977 1599 2030 nostros
1618 1974 1718 2032 oriun-

425 2078 488 2140 tur,
511 2089 607 2149 rusque
629 2070 691 2129 dies
712 2068 790 2128 ullus
811 2074 869 2134 est,
893 2086 953 2145 quo
973 2085 1032 2126 uon
1055 2067 1091 2127 de
1113 2067 1208 2147 aliquo
1230 2069 1266 2128 ad
1286 2087 1344 2128 uos
1366 2068 1416 2128 lite
1440 2071 1603 2141 reseratur,
1630 2092 1718 2152 cpiam

425 2175 592 2235 cautissime
612 2188 839 2249 componamus:
861 2185 928 2228 nam
952 2172 975 2228 si
999 2167 1200 2230 contumacius
1217 2189 1281 2230 mm
1302 2178 1387 2230 tuem
1407 2178 1457 2230 aret
1477 2175 1612 2233 iniuriam
1632 2177 1719 2236 eliam

424 2293 602 2357 persequar,
631 2272 908 2339 serumserum
938 2271 1033 2349 siquid
1060 2272 1217 2346 patientius
1238 2273 1384 2331 remittam
1408 2281 1458 2333 aut
1479 2275 1514 2335 de
1541 2295 1608 2335 meo
1632 2280 1719 2338 etiam

426 2377 602 2444 concedam,
625 2376 682 2434 iam
705 2374 836 2433 omnium
860 2374 956 2433 statim
977 2373 1089 2432 iniuriis
1108 2381 1208 2452 pateo,
1230 2392 1296 2433 cum
1314 2382 1455 2451 ‹prrautum
1473 2378 1523 2435 uui
1544 2396 1717 2439 concessum
1730 2395 1751 2432 ¹⁵

428 2486 486 2549 est,
510 2478 632 2539 coucedi
653 2476 708 2535 silei
722 2475 819 2535 uelint
841 2473 961 2550 singuli,
986 2476 1078 2551 pretia
1101 2478 1230 2553 propriae
1253 2476 1376 2534 inituim.
1406 2484 1434 2534 at
1457 2479 1532 2536 inter
1551 2497 1626 2557 quos
1645 2482 1721 2540 liunt

426 2582 497 2642 ista?
521 2598 581 2639 uon
603 2580 678 2637 inter
705 2578 828 2643 alienos,
851 2577 959 2642 amice,
981 2575 1034 2634 sed
1057 2577 1132 2635 inter
1155 2578 1272 2645 allium,
1295 2579 1370 2637 iuter
1394 2585 1534 2654 cogitatus
1552 2586 1580 2640 et
1598 2584 1719 2660 propin-

358 2684 518 2764 t-ttquos,
547 2688 634 2758 attpue
655 2678 729 2737 adeo
752 2679 828 2737 iuter
851 2677 959 2736 tratres
980 2676 1062 2735 fiunt.
1108 2677 1201 2756 Atque
1226 2679 1271 2738 lrae
1294 2686 1363 2738 sunt
1387 2688 1496 2740 nostra
1518 2684 1581 2741 ruri
1603 2682 1717 2752 delitiee,

425 2786 489 2846 haec
511 2785 590 2850 ocia,
614 2781 671 2839 lroc
689 2778 890 2858 tranquillum.
935 2778 1000 2855 lpsa
1024 2779 1131 2839 sivein
1152 2786 1252 2840 monte
1274 2788 1318 2840 est
1338 2782 1473 2859 specula,
1496 2785 1556 2843 sive
1575 2786 1604 2843 in
1620 2784 1717 2863 plano,

425 2905 485 2948 non
508 2887 544 2946 ad
567 2883 778 2949 amoenitatem,
813 2880 864 2938 sed
887 2879 923 2939 ad
947 2880 1140 2939 munitionem
1171 2882 1347 2943 exedificata
1374 2891 1432 2953 est,
1469 2884 1553 2944 iussis
1581 2905 1616 2945 ac
1645 2886 1750 2946 vallon

425 2988 622 3054 circumdata,
650 2984 728 3044 intus
745 2988 883 3058 augrtsta,
907 2980 1109 3040 mansionibus
1121 3001 1267 3061 ,pecorum
1284 2990 1313 3043 et
1328 2994 1531 3048 armentorum
1550 2991 1717 3055 colustrum,

426 3090 561 3152 obseura
583 3089 662 3147 iuxta
685 3085 766 3145 cellae
786 3081 972 3150 bombardis‚
1006 3084 1070 3160 pice
1094 3102 1128 3142 ac
1150 3083 1294 3162 sulphure
1318 3095 1347 3145 et
1368 3088 1482 3167 reliquo
1509 3109 1661 3152 armorum
1685 3112 1719 3151 ac

425 3192 598 3253 bellicarum
619 3188 823 3249 machinarum
846 3192 990 3263 apparatu
1013 3183 1152 3261 oppletam
1180 3186 1365 3248 lrombardiei
1394 3208 1447 3267 per
1470 3193 1566 3251 omnia
1590 3192 1719 3270 pulveris

426 3294 527 3361 treton
563 3292 668 3351 deinde
704 3306 792 3348 canes
825 3292 854 3346 et
886 3303 992 3346 reanum
1026 3293 1229 3355 excrementa,
1262 3290 1440 3359 iurundum,
1475 3311 1559 3357 reor,
1594 3301 1623 3352 et
1657 3296 1717 3371 ipsa

356 3397 660 3457 §.ttadoramenturn
705 3389 850 3449 accedunt
872 3398 901 3447 et
923 3388 1034 3448 abeunt
1055 3390 1183 3466 equites,
1207 3390 1284 3449 inter
1306 3410 1381 3469 quos
1404 3400 1555 3472 raptores,
1583 3395 1664 3454 lures
1689 3402 1751 3455 uu

424 3497 568 3558 latrones:
600 3513 667 3553 nam
697 3492 873 3572 plerumque
901 3496 1002 3567 patent
1030 3496 1138 3549 nostres
1166 3491 1284 3559 (lunius,
1316 3500 1366 3552 aut
1398 3495 1602 3569 ignorantibus
1634 3496 1718 3556 nohis

424 3599 519 3679 dualis
549 3598 673 3677 quisque
701 3596 752 3661 sit,
786 3598 837 3652 eut
864 3609 923 3650 uon
952 3609 1133 3668 magnopere
1161 3592 1387 3671 iuquireutilrus.
1430 3597 1590 3657 audiuntur
1620 3601 1717 3658 ovium

423 3690 554 3767 balatus,
578 3698 667 3758 boum
685 3698 829 3770 mugitus,
852 3711 957 3753 earmm
976 3693 1113 3758 latratus,
1135 3692 1288 3753 homiuum
1305 3696 1332 3753 in
1351 3712 1423 3771 agre
1440 3702 1624 3776 operantium
1642 3702 1718 3759 roci·

425 3802 598 3868 serationem,
622 3816 775 3858 carrorum
796 3802 825 3854 et
844 3794 1047 3854 vehiculorum
1066 3793 1208 3853 stridores
1224 3811 1258 3853 ae
1277 3798 1431 3875 strepitum
1455 3818 1500 3857 uae
1516 3807 1624 3886 errro
1640 3801 1717 3860 dumi

355 3910 417 3960 tlt·
428 3904 566 3982 luporum
589 3902 676 3960 etiem
695 3898 837 3965 ululatus,
861 3902 893 3955 ut
909 3914 974 3974 queo
989 3894 1161 3956 nemoribus
1180 3898 1270 3955 vicina
1285 3905 1337 3957 est.
1373 3900 1458 3959 Omni
1475 3901 1573 3961 diedo
1590 3904 1752 3964 crastinum

493 4171 499 4204 ¹
519 4171 689 4236 dependeat,
709 4169 764 4218 niel
784 4168 874 4225 fuero,
895 4167 976 4214 Α...5.
997 4168 1033 4215 itu
1051 4183 1119 4215 corr.
1133 4168 1171 4217 H.
1191 4166 1357 4231 dependeat.
1385 4171 1534 4232 Quodnisi
1600 4172 1717 4237 ¹quoti-

423 4258 507 4308 diano
524 4259 597 4306 4...6.
655 4250 831 4317 ³periculum
845 4254 888 4299 est
905 4253 975 4300 ouria.
988 4266 1080 4300 uenires.
1101 4252 1137 4299 H.
1150 4268 1229 4317 rnurp
1243 4253 1466 4319 adoran-periculo
1483 4258 1497 4306 ri
1516 4260 1620 4318 (littrrrr
1639 4258 1684 4305 ulit
1704 4261 1718 4307 e

368 4351 370 4356 “
423 4339 639 4402 adsciscerent).
709 4336 768 4385 ⁴es
787 4336 920 4398 Princeps
939 4338 1012 4384 dmm
1080 4338 1222 4401 negotium
1243 4340 1317 4387 3...o.
1376 4338 1540 4405 ⁸atipamur
1558 4344 1666 4405 magnis
1685 4360 1719 4393 oc

423 4427 597 4492 grauissimis
612 4426 730 4490 A.sqq.,·
753 4422 842 4470 detetr's
866 4419 948 4469 uerbis
967 4435 999 4468 oc
1019 4420 1193 4484 grurrissimio
1210 4427 1248 4473 ste
1266 4441 1335 4474 corr.
1353 4425 1407 4473 ll„-
1434 4426 1581 4491 stipamur,
1610 4430 1719 4491 magnis

423 4518 452 4563 et
469 4511 571 4579 grauth.
624 4508 653 4541 ¹¹⁶⁰
672 4508 786 4557 Interim
805 4506 841 4553 ΙΙ.
860 4520 929 4553 corr.
948 4521 984 4554 eo·
1001 4505 1071 4569 Neue
1090 4502 1147 4569 vid,
1167 4507 1201 4555 A.
1220 4524 1291 4573 sqq„
1317 4511 1365 4558 sed
1381 4512 1495 4573 repleuit
1512 4514 1669 4575 negotionem
1687 4512 1719 4561 ab

421 4599 482 4649 edd.
509 4599 626 4647 omissam
648 4595 746 4644 addere
769 4596 829 4639 unte
853 4589 1035 4653 expatiamur.
1123 4588 1142 4621 ¹¹
1167 4592 1309 4641 Praetereo
1331 4610 1399 4643 corr.
1420 4596 1456 4643 H.
1474 4611 1524 4659 pro
1548 4596 1663 4645 Interim
1682 4598 1716 4646 A.

423 4680 444 4715 ¹²
462 4676 555 4747 quam]
576 4679 650 4746 ‹pm
671 4677 819 4743 deerrextt
832 4674 868 4723 H.
940 4672 960 4705 ¹⁵
979 4675 1079 4723 omium
1093 4679 1151 4725 5.6.
1211 4681 1442 4727 concessumst
1514 4678 1534 4711 ¹¹
1553 4680 1664 4745 singuli.
1682 4681 1720 4730 At

422 4768 482 4816 edd.
505 4769 553 4815 red
574 4766 649 4814 Hutt.
670 4768 730 4828 pust
754 4758 858 4825 singuli
883 4760 997 4809 addidit:
1017 4761 1131 4809 ....io
1154 4758 1235 4824 pro-l
1251 4796 1353 4812 ......
1367 4764 1465 4812 niurioe
1486 4760 1491 4826 Ι
1514 4765 1550 4813 lie
1574 4767 1720 4813 coniectura

421 4854 544 4915 supplevi.
615 4848 636 4880 ¹⁷
659 4847 856 4897 adfines-l...6.
930 4841 951 4873 ¹¹
974 4840 1084 4892 deliciae
1102 4844 1135 4893 B.
1151 4847 1226 4894 3...0.
1296 4844 1318 4877 ¹⁰
1340 4846 1415 4896 vallo
1429 4850 1453 4895 6.
1531 4847 1553 4879 ¹¹
1576 4850 1612 4898 H.
1633 4860 1720 4898 rm:

421 4929 476 4982 ..7-
487 4932 592 4998 plerfiq,
606 4932 706 4993 (.Nam
724 4928 895 4994 plerumque)
913 4943 962 4990 pro
981 4927 1075 4988 ‚otbus
1094 4928 1137 4979 orie
1155 4928 1260 4978 talibus
1277 4932 1409 4981 editorum.
1439 4933 1596 4995 Incipienter
1610 4936 1640 4981 6.·
1658 4948 1719 4982 cum

422 5019 528 5070 talibus
547 5018 620 5067 enim
639 5015 743 5067 talibus
760 5017 860 5078 potent
903 5025 1071 5075 magnopere
1089 5013 1148 5061 edd.
1168 5016 1250 5062 oratius.
1270 5016 1358 5066 artum.
1378 5017 1415 5066 ΙΙ.
1468 5015 1489 5047 ¹¹
1508 5032 1551 5065 uae
1569 5020 1640 5066 ornis.
1659 5019 1718 5088 edd.

423 5103 460 5154 H.
480 5104 637 5152 adecr...cr
687 5099 710 5131 ¹⁰
728 5096 894 5148 memoribue
911 5097 971 5144 5.6.
1015 5095 1219 5163 Steokelberga
1236 5113 1321 5163 prope
1340 5099 1428 5148 saltus
1446 5100 1625 5152 lthoeneuses.
