<?xml version="1.0" encoding="UTF-8"?>
<!DOCTYPE html PUBLIC "-//W3C//DTD XHTML 1.0 Transitional//EN"
    "http://www.w3.org/TR/xhtml1/DTD/xhtml1-transitional.dtd">
<html xmlns="http://www.w3.org/1999/xhtml" xml:lang="en" lang="en">
 <head>
  <title>
</title>
<meta http-equiv="Content-Type" content="text/html;charset=utf-8" />
  <meta name='ocr-system' content='tesseract 3.04.00' />
  <meta name='ocr-capabilities' content='ocr_page ocr_carea ocr_par ocr_line ocrx_word'/>
</head>
<body>
  <div class='ocr_page' id='page_1' title='image "./ulrichihuttenie03huttgoog_0166.png"; bbox 0 0 4067 6209; ppageno 0'>
   <div class='ocr_carea' id='block_1_1' title="bbox 369 760 1644 838">
    <p class='ocr_par' dir='ltr' id='par_1_1' title="bbox 369 760 1644 838">
     <span class='ocr_line' id='line_1_1' title="bbox 369 760 1644 838; baseline -0.001 -12"><span class='ocrx_word' id='word_1_1' title='bbox 369 760 416 834; x_wconf 78' lang='grc'><strong>36</strong></span> <span class='ocrx_word' id='word_1_2' title='bbox 453 774 540 826; x_wconf 73' lang='lat' dir='ltr'><strong>XXII·</strong></span> <span class='ocrx_word' id='word_1_3' title='bbox 567 787 739 838; x_wconf 69' lang='lat' dir='ltr'><strong>urrunnun</strong></span> <span class='ocrx_word' id='word_1_4' title='bbox 752 763 870 823; x_wconf 63' lang='lat' dir='ltr'><strong>ndnsnv.</strong></span> <span class='ocrx_word' id='word_1_5' title='bbox 885 788 920 823; x_wconf 74' lang='lat' dir='ltr'><strong>DE</strong></span> <span class='ocrx_word' id='word_1_6' title='bbox 933 788 1036 824; x_wconf 72' lang='lat' dir='ltr'><strong>narres</strong></span> <span class='ocrx_word' id='word_1_7' title='bbox 1050 789 1078 823; x_wconf 76' lang='lat' dir='ltr'><strong>IN</strong></span> <span class='ocrx_word' id='word_1_8' title='bbox 1093 789 1262 826; x_wconf 69' lang='lat' dir='ltr'><strong>PANBGYBIC·</strong></span> <span class='ocrx_word' id='word_1_9' title='bbox 1275 790 1393 825; x_wconf 73' lang='lat' dir='ltr'><strong>anatur.</strong></span> <span class='ocrx_word' id='word_1_10' title='bbox 1408 789 1474 825; x_wconf 69' lang='grc'><strong>100.</strong></span> <span class='ocrx_word' id='word_1_11' title='bbox 1488 790 1574 826; x_wconf 66' lang='lat' dir='ltr'><strong>PBH.</strong></span> <span class='ocrx_word' id='word_1_12' title='bbox 1583 783 1644 825; x_wconf 66' lang='lat' dir='ltr'><strong>ibib·</strong></span> 
     </span>
    </p>
   </div>
   <div class='ocr_carea' id='block_1_2' title="bbox 289 933 1707 4474">
    <p class='ocr_par' dir='ltr' id='par_1_2' title="bbox 289 933 1707 4474">
     <span class='ocr_line' id='line_1_2' title="bbox 368 933 1663 1024; baseline -0.002 -16"><span class='ocrx_word' id='word_1_13' title='bbox 368 935 636 1024; x_wconf 77' lang='grc' dir='ltr'><strong><em>ἐπιτετράφαται,</em></strong></span> <span class='ocrx_word' id='word_1_14' title='bbox 653 937 708 1002; x_wconf 83' lang='grc' dir='ltr'><strong>καὶ</strong></span> <span class='ocrx_word' id='word_1_15' title='bbox 724 933 826 1003; x_wconf 83' lang='grc' dir='ltr'><strong><em>τόσσα</em></strong></span> <span class='ocrx_word' id='word_1_16' title='bbox 841 938 975 1022; x_wconf 77' lang='grc' dir='ltr'><strong><em>μέμηλε.</em></strong></span> <span class='ocrx_word' id='word_1_17' title='bbox 1005 945 1069 1022; x_wconf 89' lang='lat' dir='ltr'><strong>ipse</strong></span> <span class='ocrx_word' id='word_1_18' title='bbox 1085 962 1120 1004; x_wconf 85' lang='lat' dir='ltr'><strong>ex</strong></span> <span class='ocrx_word' id='word_1_19' title='bbox 1136 952 1228 1005; x_wconf 89' lang='lat' dir='ltr'><strong>semet</strong></span> <span class='ocrx_word' id='word_1_20' title='bbox 1243 944 1308 1005; x_wconf 92' lang='lat' dir='ltr'><strong>talis</strong></span> <span class='ocrx_word' id='word_1_21' title='bbox 1322 953 1367 1006; x_wconf 91' lang='lat' dir='ltr'><strong>est</strong></span> <span class='ocrx_word' id='word_1_22' title='bbox 1380 944 1473 1023; x_wconf 89' lang='lat' dir='ltr'><strong>qualis</strong></span> <span class='ocrx_word' id='word_1_23' title='bbox 1485 962 1550 1005; x_wconf 87' lang='lat' dir='ltr'><strong>esse</strong></span> <span class='ocrx_word' id='word_1_24' title='bbox 1565 944 1663 1014; x_wconf 84' lang='lat' dir='ltr'><strong>debet,</strong></span> 
     </span>
     <span class='ocr_line' id='line_1_3' title="bbox 371 1044 1665 1126; baseline -0.002 -18"><span class='ocrx_word' id='word_1_25' title='bbox 371 1056 398 1109; x_wconf 89' lang='lat' dir='ltr'><strong>et</strong></span> <span class='ocrx_word' id='word_1_26' title='bbox 419 1046 520 1126; x_wconf 78' lang='lat' dir='ltr'><strong>qliales</strong></span> <span class='ocrx_word' id='word_1_27' title='bbox 543 1063 606 1106; x_wconf 90' lang='lat' dir='ltr'><strong>esse</strong></span> <span class='ocrx_word' id='word_1_28' title='bbox 622 1045 722 1120; x_wconf 90' lang='lat' dir='ltr'><strong>paucis</strong></span> <span class='ocrx_word' id='word_1_29' title='bbox 743 1044 839 1104; x_wconf 87' lang='lat' dir='ltr'><strong>adbuc</strong></span> <span class='ocrx_word' id='word_1_30' title='bbox 861 1045 996 1122; x_wconf 87' lang='lat' dir='ltr'><strong>contigit:</strong></span> <span class='ocrx_word' id='word_1_31' title='bbox 1020 1046 1093 1104; x_wconf 91' lang='lat' dir='ltr'><strong>adeo</strong></span> <span class='ocrx_word' id='word_1_32' title='bbox 1116 1065 1219 1106; x_wconf 90' lang='lat' dir='ltr'><strong>omnes</strong></span> <span class='ocrx_word' id='word_1_33' title='bbox 1240 1049 1360 1106; x_wconf 89' lang='lat' dir='ltr'><strong>suntin</strong></span> <span class='ocrx_word' id='word_1_34' title='bbox 1381 1045 1430 1105; x_wconf 93' lang='lat' dir='ltr'><strong>illo</strong></span> <span class='ocrx_word' id='word_1_35' title='bbox 1453 1054 1565 1106; x_wconf 79' lang='lat' dir='ltr'><strong>natnrae</strong></span> <span class='ocrx_word' id='word_1_36' title='bbox 1580 1045 1665 1106; x_wconf 86' lang='lat' dir='ltr'><strong>dotes</strong></span> 
     </span>
     <span class='ocr_line' id='line_1_4' title="bbox 313 1145 1663 1227; baseline -0.001 -20"><span class='ocrx_word' id='word_1_37' title='bbox 313 1159 357 1207; x_wconf 70' lang='lat' dir='ltr'><strong>us·</strong></span> <span class='ocrx_word' id='word_1_38' title='bbox 370 1149 490 1215; x_wconf 75' lang='lat' dir='ltr'><strong>eximiae,</strong></span> <span class='ocrx_word' id='word_1_39' title='bbox 514 1153 684 1205; x_wconf 88' lang='lat' dir='ltr'><strong>ornamenta</strong></span> <span class='ocrx_word' id='word_1_40' title='bbox 700 1146 824 1205; x_wconf 76' lang='lat' dir='ltr'><strong>fortune</strong></span> <span class='ocrx_word' id='word_1_41' title='bbox 840 1145 1077 1206; x_wconf 88' lang='lat' dir='ltr'><strong>cumulatissima.</strong></span> <span class='ocrx_word' id='word_1_42' title='bbox 1119 1147 1176 1207; x_wconf 91' lang='lat' dir='ltr'><strong>Sed</strong></span> <span class='ocrx_word' id='word_1_43' title='bbox 1192 1155 1225 1206; x_wconf 88' lang='lat' dir='ltr'><strong>nt</strong></span> <span class='ocrx_word' id='word_1_44' title='bbox 1239 1149 1277 1207; x_wconf 90' lang='lat' dir='ltr'><strong>sit</strong></span> <span class='ocrx_word' id='word_1_45' title='bbox 1290 1149 1466 1227; x_wconf 85' lang='lat' dir='ltr'><strong>panegyrico</strong></span> <span class='ocrx_word' id='word_1_46' title='bbox 1482 1146 1580 1215; x_wconf 85' lang='lat' dir='ltr'><strong>locus,</strong></span> <span class='ocrx_word' id='word_1_47' title='bbox 1603 1164 1663 1205; x_wconf 89' lang='lat' dir='ltr'><strong>non</strong></span> 
     </span>
     <span class='ocr_line' id='line_1_5' title="bbox 369 1244 1663 1329; baseline 0.002 -25"><span class='ocrx_word' id='word_1_48' title='bbox 369 1244 515 1329; x_wconf 62' lang='lat' dir='ltr'><strong>spamus}</strong></span> <span class='ocrx_word' id='word_1_49' title='bbox 537 1247 630 1307; x_wconf 90' lang='lat' dir='ltr'><strong>dicam</strong></span> <span class='ocrx_word' id='word_1_50' title='bbox 647 1246 683 1307; x_wconf 90' lang='lat' dir='ltr'><strong>de</strong></span> <span class='ocrx_word' id='word_1_51' title='bbox 698 1244 747 1305; x_wconf 93' lang='lat' dir='ltr'><strong>illo</strong></span> <span class='ocrx_word' id='word_1_52' title='bbox 763 1245 863 1323; x_wconf 90' lang='lat' dir='ltr'><strong>plura;</strong></span> <span class='ocrx_word' id='word_1_53' title='bbox 887 1247 923 1306; x_wconf 92' lang='lat' dir='ltr'><strong>ad</strong></span> <span class='ocrx_word' id='word_1_54' title='bbox 939 1256 968 1306; x_wconf 91' lang='lat' dir='ltr'><strong>te</strong></span> <span class='ocrx_word' id='word_1_55' title='bbox 982 1247 1306 1328; x_wconf 75' lang='lat' dir='ltr'><strong>revertar,·Eytelrolle,</strong></span> <span class='ocrx_word' id='word_1_56' title='bbox 1330 1266 1416 1328; x_wconf 87' lang='lat' dir='ltr'><strong>quem</strong></span> <span class='ocrx_word' id='word_1_57' title='bbox 1439 1267 1494 1327; x_wconf 90' lang='lat' dir='ltr'><strong>cgo</strong></span> <span class='ocrx_word' id='word_1_58' title='bbox 1511 1267 1581 1309; x_wconf 90' lang='lat' dir='ltr'><strong>reor</strong></span> <span class='ocrx_word' id='word_1_59' title='bbox 1602 1265 1663 1307; x_wconf 91' lang='lat' dir='ltr'><strong>non</strong></span> 
     </span>
     <span class='ocr_line' id='line_1_6' title="bbox 369 1336 1687 1429; baseline -0.008 -15"><span class='ocrx_word' id='word_1_60' title='bbox 369 1355 432 1414; x_wconf 92' lang='lat' dir='ltr'><strong>sine</strong></span> <span class='ocrx_word' id='word_1_61' title='bbox 443 1369 547 1429; x_wconf 91' lang='lat' dir='ltr'><strong>magna</strong></span> <span class='ocrx_word' id='word_1_62' title='bbox 561 1349 684 1409; x_wconf 89' lang='lat' dir='ltr'><strong>deornm</strong></span> <span class='ocrx_word' id='word_1_63' title='bbox 699 1347 907 1409; x_wconf 77' lang='lat' dir='ltr'><strong>immortalium</strong></span> <span class='ocrx_word' id='word_1_64' title='bbox 923 1347 1101 1426; x_wconf 77' lang='lat' dir='ltr'><strong>benignitate</strong></span> <span class='ocrx_word' id='word_1_65' title='bbox 1117 1350 1305 1410; x_wconf 92' lang='lat' dir='ltr'><strong>coniunctum</strong></span> <span class='ocrx_word' id='word_1_66' title='bbox 1317 1350 1386 1410; x_wconf 91' lang='lat' dir='ltr'><strong>huic</strong></span> <span class='ocrx_word' id='word_1_67' title='bbox 1397 1350 1530 1427; x_wconf 78' lang='lat' dir='ltr'><strong>principi,</strong></span> <span class='ocrx_word' id='word_1_68' title='bbox 1543 1336 1587 1420; x_wconf 79' lang='grc' dir='ltr'><strong>ὦς</strong></span> <span class='ocrx_word' id='word_1_69' title='bbox 1597 1341 1687 1409; x_wconf 75' lang='lat' dir='ltr'><strong>aisis</strong></span> 
     </span>
     <span class='ocr_line' id='line_1_7' title="bbox 313 1435 1665 1533; baseline -0.004 -17"><span class='ocrx_word' id='word_1_70' title='bbox 313 1467 358 1516; x_wconf 83' lang='lat' dir='ltr'><strong>§.o</strong></span> <span class='ocrx_word' id='word_1_71' title='bbox 368 1443 429 1515; x_wconf 84' lang='grc' dir='ltr'><strong><em>τὸν</em></strong></span> <span class='ocrx_word' id='word_1_72' title='bbox 440 1441 558 1533; x_wconf 77' lang='grc' dir='ltr'><strong><em>ὁμοῖον</em></strong></span> <span class='ocrx_word' id='word_1_73' title='bbox 570 1439 644 1530; x_wconf 75' lang='grc' dir='ltr'><strong>ἄγει</strong></span> <span class='ocrx_word' id='word_1_74' title='bbox 654 1437 735 1521; x_wconf 73' lang='grc' dir='ltr'><strong>θεὸς</strong></span> <span class='ocrx_word' id='word_1_75' title='bbox 747 1435 791 1520; x_wconf 73' lang='grc' dir='ltr'><strong>ὥς</strong></span> <span class='ocrx_word' id='word_1_76' title='bbox 804 1438 864 1510; x_wconf 85' lang='grc' dir='ltr'><strong><em>τὸν</em></strong></span> <span class='ocrx_word' id='word_1_77' title='bbox 879 1437 1007 1529; x_wconf 82' lang='grc' dir='ltr'><strong><em>ὁμοῖον.</em></strong></span> <span class='ocrx_word' id='word_1_78' title='bbox 1032 1450 1155 1510; x_wconf 89' lang='lat' dir='ltr'><strong>Possum</strong></span> <span class='ocrx_word' id='word_1_79' title='bbox 1167 1450 1333 1531; x_wconf 80' lang='lat' dir='ltr'><strong>supplicare</strong></span> <span class='ocrx_word' id='word_1_80' title='bbox 1345 1452 1400 1511; x_wconf 91' lang='lat' dir='ltr'><strong>diis</strong></span> <span class='ocrx_word' id='word_1_81' title='bbox 1411 1452 1469 1511; x_wconf 92' lang='lat' dir='ltr'><strong>boc</strong></span> <span class='ocrx_word' id='word_1_82' title='bbox 1485 1451 1522 1511; x_wconf 93' lang='lat' dir='ltr'><strong>dc</strong></span> <span class='ocrx_word' id='word_1_83' title='bbox 1540 1460 1569 1512; x_wconf 91' lang='lat' dir='ltr'><strong>te</strong></span> <span class='ocrx_word' id='word_1_84' title='bbox 1584 1450 1665 1529; x_wconf 86' lang='lat' dir='ltr'><strong>quod</strong></span> 
     </span>
     <span class='ocr_line' id='line_1_8' title="bbox 368 1550 1665 1644; baseline -0.003 -28"><span class='ocrx_word' id='word_1_85' title='bbox 368 1555 417 1616; x_wconf 89' lang='lat' dir='ltr'><strong>ille</strong></span> <span class='ocrx_word' id='word_1_86' title='bbox 439 1555 476 1615; x_wconf 92' lang='lat' dir='ltr'><strong>de</strong></span> <span class='ocrx_word' id='word_1_87' title='bbox 497 1572 551 1614; x_wconf 91' lang='lat' dir='ltr'><strong>suo</strong></span> <span class='ocrx_word' id='word_1_88' title='bbox 574 1552 711 1612; x_wconf 76' lang='lat' dir='ltr'><strong>Nestore:</strong></span> <span class='ocrx_word' id='word_1_89' title='bbox 739 1551 850 1611; x_wconf 89' lang='lat' dir='ltr'><strong>utinam</strong></span> <span class='ocrx_word' id='word_1_90' title='bbox 872 1552 914 1610; x_wconf 92' lang='lat' dir='ltr'><strong>tui</strong></span> <span class='ocrx_word' id='word_1_91' title='bbox 935 1551 1045 1644; x_wconf 77' lang='lat' dir='ltr'><strong>similes</strong></span> <span class='ocrx_word' id='word_1_92' title='bbox 1060 1550 1168 1612; x_wconf 89' lang='lat' dir='ltr'><strong>multos</strong></span> <span class='ocrx_word' id='word_1_93' title='bbox 1183 1552 1306 1613; x_wconf 91' lang='lat' dir='ltr'><strong>baberet</strong></span> <span class='ocrx_word' id='word_1_94' title='bbox 1319 1552 1490 1612; x_wconf 78' lang='lat' dir='ltr'><strong>Germania!</strong></span> <span class='ocrx_word' id='word_1_95' title='bbox 1512 1554 1568 1612; x_wconf 87' lang='lat' dir='ltr'><strong>iam</strong></span> <span class='ocrx_word' id='word_1_96' title='bbox 1585 1553 1665 1612; x_wconf 88' lang='lat' dir='ltr'><strong>enim</strong></span> 
     </span>
     <span class='ocr_line' id='line_1_9' title="bbox 370 1653 1667 1730; baseline -0.002 -14"><span class='ocrx_word' id='word_1_97' title='bbox 370 1656 489 1717; x_wconf 91' lang='lat' dir='ltr'><strong>barbari</strong></span> <span class='ocrx_word' id='word_1_98' title='bbox 510 1673 573 1714; x_wconf 89' lang='lat' dir='ltr'><strong>esse</strong></span> <span class='ocrx_word' id='word_1_99' title='bbox 594 1653 811 1721; x_wconf 85' lang='lat' dir='ltr'><strong>desineremus,</strong></span> <span class='ocrx_word' id='word_1_100' title='bbox 838 1670 893 1712; x_wconf 89' lang='lat' dir='ltr'><strong>nec</strong></span> <span class='ocrx_word' id='word_1_101' title='bbox 914 1654 1007 1712; x_wconf 90' lang='lat' dir='ltr'><strong>nostri</strong></span> <span class='ocrx_word' id='word_1_102' title='bbox 1028 1671 1082 1712; x_wconf 89' lang='lat' dir='ltr'><strong>nos</strong></span> <span class='ocrx_word' id='word_1_103' title='bbox 1104 1653 1244 1730; x_wconf 84' lang='lat' dir='ltr'><strong>puderet:</strong></span> <span class='ocrx_word' id='word_1_104' title='bbox 1271 1653 1366 1713; x_wconf 87' lang='lat' dir='ltr'><strong>dicam</strong></span> <span class='ocrx_word' id='word_1_105' title='bbox 1389 1655 1466 1713; x_wconf 90' lang='lat' dir='ltr'><strong>enim</strong></span> <span class='ocrx_word' id='word_1_106' title='bbox 1489 1654 1608 1722; x_wconf 87' lang='lat' dir='ltr'><strong>inritus,</strong></span> <span class='ocrx_word' id='word_1_107' title='bbox 1635 1660 1667 1713; x_wconf 86' lang='lat' dir='ltr'><strong>et</strong></span> 
     </span>
     <span class='ocr_line' id='line_1_10' title="bbox 298 1750 1665 1834; baseline -0.004 -16"><span class='ocrx_word' id='word_1_108' title='bbox 298 1767 468 1827; x_wconf 74' lang='lat' dir='ltr'><strong>sio.tamen</strong></span> <span class='ocrx_word' id='word_1_109' title='bbox 491 1756 590 1816; x_wconf 87' lang='lat' dir='ltr'><strong>dicere</strong></span> <span class='ocrx_word' id='word_1_110' title='bbox 612 1754 692 1814; x_wconf 91' lang='lat' dir='ltr'><strong>iubet</strong></span> <span class='ocrx_word' id='word_1_111' title='bbox 713 1772 797 1814; x_wconf 91' lang='lat' dir='ltr'><strong>meus</strong></span> <span class='ocrx_word' id='word_1_112' title='bbox 819 1753 917 1823; x_wconf 90' lang='lat' dir='ltr'><strong>dolor,</strong></span> <span class='ocrx_word' id='word_1_113' title='bbox 941 1753 1101 1815; x_wconf 90' lang='lat' dir='ltr'><strong>multorum</strong></span> <span class='ocrx_word' id='word_1_114' title='bbox 1124 1755 1340 1815; x_wconf 90' lang='lat' dir='ltr'><strong>detrimentum.</strong></span> <span class='ocrx_word' id='word_1_115' title='bbox 1361 1750 1464 1814; x_wconf 65' lang='lat' dir='ltr'><strong>⁴Vides</strong></span> <span class='ocrx_word' id='word_1_116' title='bbox 1487 1756 1536 1834; x_wconf 89' lang='lat' dir='ltr'><strong>qui</strong></span> <span class='ocrx_word' id='word_1_117' title='bbox 1558 1754 1587 1814; x_wconf 93' lang='lat' dir='ltr'><strong>in</strong></span> <span class='ocrx_word' id='word_1_118' title='bbox 1609 1772 1665 1814; x_wconf 88' lang='lat' dir='ltr'><strong>no-</strong></span> 
     </span>
     <span class='ocr_line' id='line_1_11' title="bbox 371 1855 1702 1942; baseline -0.002 -25"><span class='ocrx_word' id='word_1_119' title='bbox 371 1855 547 1942; x_wconf 59' lang='lat' dir='ltr'><strong>lgfflffl</strong></span> <span class='ocrx_word' id='word_1_120' title='bbox 569 1865 663 1918; x_wconf 90' lang='lat' dir='ltr'><strong>strum</strong></span> <span class='ocrx_word' id='word_1_121' title='bbox 679 1856 811 1940; x_wconf 85' lang='lat' dir='ltr'><strong>ordinem</strong></span> <span class='ocrx_word' id='word_1_122' title='bbox 826 1856 946 1933; x_wconf 85' lang='lat' dir='ltr'><strong>pessimi</strong></span> <span class='ocrx_word' id='word_1_123' title='bbox 960 1874 1059 1916; x_wconf 89' lang='lat' dir='ltr'><strong>mores</strong></span> <span class='ocrx_word' id='word_1_124' title='bbox 1073 1857 1243 1925; x_wconf 81' lang='lat' dir='ltr'><strong>invaserint,</strong></span> <span class='ocrx_word' id='word_1_125' title='bbox 1265 1864 1298 1917; x_wconf 88' lang='lat' dir='ltr'><strong>nt</strong></span> <span class='ocrx_word' id='word_1_126' title='bbox 1317 1857 1366 1935; x_wconf 87' lang='lat' dir='ltr'><strong>qui</strong></span> <span class='ocrx_word' id='word_1_127' title='bbox 1381 1855 1436 1915; x_wconf 90' lang='lat' dir='ltr'><strong>hos</strong></span> <span class='ocrx_word' id='word_1_128' title='bbox 1451 1855 1702 1940; x_wconf 69' lang='lat' dir='ltr'><strong>contemplatusto</strong></span> 
     </span>
     <span class='ocr_line' id='line_1_12' title="bbox 370 1958 1666 2036; baseline -0.003 -16"><span class='ocrx_word' id='word_1_129' title='bbox 370 1962 470 2029; x_wconf 90' lang='lat' dir='ltr'><strong>luerit,</strong></span> <span class='ocrx_word' id='word_1_130' title='bbox 492 1961 601 2020; x_wconf 89' lang='lat' dir='ltr'><strong>rectius</strong></span> <span class='ocrx_word' id='word_1_131' title='bbox 615 1960 777 2020; x_wconf 83' lang='lat' dir='ltr'><strong>Centauros</strong></span> <span class='ocrx_word' id='word_1_132' title='bbox 792 1976 879 2035; x_wconf 88' lang='lat' dir='ltr'><strong>qnam</strong></span> <span class='ocrx_word' id='word_1_133' title='bbox 895 1958 1007 2035; x_wconf 83' lang='lat' dir='ltr'><strong>equites</strong></span> <span class='ocrx_word' id='word_1_134' title='bbox 1023 1958 1185 2018; x_wconf 89' lang='lat' dir='ltr'><strong>Germanos</strong></span> <span class='ocrx_word' id='word_1_135' title='bbox 1200 1958 1319 2018; x_wconf 83' lang='lat' dir='ltr'><strong>dixerit:</strong></span> <span class='ocrx_word' id='word_1_136' title='bbox 1342 1958 1474 2036; x_wconf 67' lang='lat' dir='ltr'><strong>quisquis</strong></span> <span class='ocrx_word' id='word_1_137' title='bbox 1490 1958 1567 2017; x_wconf 90' lang='lat' dir='ltr'><strong>enim</strong></span> <span class='ocrx_word' id='word_1_138' title='bbox 1585 1974 1666 2017; x_wconf 92' lang='lat' dir='ltr'><strong>nunc</strong></span> 
     </span>
     <span class='ocr_line' id='line_1_13' title="bbox 369 2057 1665 2141; baseline -0.003 -20"><span class='ocrx_word' id='word_1_139' title='bbox 369 2062 463 2122; x_wconf 89' lang='lat' dir='ltr'><strong>studia</strong></span> <span class='ocrx_word' id='word_1_140' title='bbox 486 2061 638 2122; x_wconf 87' lang='lat' dir='ltr'><strong>literarum</strong></span> <span class='ocrx_word' id='word_1_141' title='bbox 661 2060 745 2120; x_wconf 79' lang='lat' dir='ltr'><strong>bonae</strong></span> <span class='ocrx_word' id='word_1_142' title='bbox 768 2057 873 2118; x_wconf 90' lang='lat' dir='ltr'><strong>indolis</strong></span> <span class='ocrx_word' id='word_1_143' title='bbox 895 2057 1068 2119; x_wconf 88' lang='lat' dir='ltr'><strong>adulescens</strong></span> <span class='ocrx_word' id='word_1_144' title='bbox 1089 2061 1231 2137; x_wconf 85' lang='lat' dir='ltr'><strong>sequitur,</strong></span> <span class='ocrx_word' id='word_1_145' title='bbox 1254 2078 1322 2120; x_wconf 91' lang='lat' dir='ltr'><strong>enm</strong></span> <span class='ocrx_word' id='word_1_146' title='bbox 1343 2058 1383 2119; x_wconf 94' lang='lat' dir='ltr'><strong>illi</strong></span> <span class='ocrx_word' id='word_1_147' title='bbox 1406 2060 1502 2118; x_wconf 89' lang='lat' dir='ltr'><strong>statim</strong></span> <span class='ocrx_word' id='word_1_148' title='bbox 1525 2065 1665 2141; x_wconf 76' lang='lat' dir='ltr'><strong>tanqmm</strong></span> 
     </span>
     <span class='ocr_line' id='line_1_14' title="bbox 369 2159 1666 2248; baseline -0.005 -24"><span class='ocrx_word' id='word_1_149' title='bbox 369 2172 501 2224; x_wconf 84' lang='lat' dir='ltr'><strong>exortem</strong></span> <span class='ocrx_word' id='word_1_150' title='bbox 521 2163 616 2223; x_wconf 91' lang='lat' dir='ltr'><strong>omnis</strong></span> <span class='ocrx_word' id='word_1_151' title='bbox 639 2161 799 2239; x_wconf 88' lang='lat' dir='ltr'><strong>dignitatis,</strong></span> <span class='ocrx_word' id='word_1_152' title='bbox 823 2160 859 2219; x_wconf 89' lang='lat' dir='ltr'><strong>ab</strong></span> <span class='ocrx_word' id='word_1_153' title='bbox 876 2160 1051 2248; x_wconf 85' lang='lat' dir='ltr'><strong>imaginibus</strong></span> <span class='ocrx_word' id='word_1_154' title='bbox 1066 2162 1210 2221; x_wconf 90' lang='lat' dir='ltr'><strong>maiorum</strong></span> <span class='ocrx_word' id='word_1_155' title='bbox 1226 2180 1348 2222; x_wconf 90' lang='lat' dir='ltr'><strong>snorum</strong></span> <span class='ocrx_word' id='word_1_156' title='bbox 1365 2161 1542 2238; x_wconf 84' lang='lat' dir='ltr'><strong>degenerem</strong></span> <span class='ocrx_word' id='word_1_157' title='bbox 1563 2178 1598 2218; x_wconf 90' lang='lat' dir='ltr'><strong>ac</strong></span> <span class='ocrx_word' id='word_1_158' title='bbox 1619 2159 1666 2219; x_wconf 91' lang='lat' dir='ltr'><strong>sui</strong></span> 
     </span>
     <span class='ocr_line' id='line_1_15' title="bbox 370 2261 1666 2340; baseline -0.002 -17"><span class='ocrx_word' id='word_1_159' title='bbox 370 2262 539 2324; x_wconf 88' lang='lat' dir='ltr'><strong>dissimilem</strong></span> <span class='ocrx_word' id='word_1_160' title='bbox 556 2264 716 2340; x_wconf 88' lang='lat' dir='ltr'><strong>despicatui</strong></span> <span class='ocrx_word' id='word_1_161' title='bbox 731 2261 854 2331; x_wconf 91' lang='lat' dir='ltr'><strong>babent;</strong></span> <span class='ocrx_word' id='word_1_162' title='bbox 872 2280 939 2322; x_wconf 89' lang='lat' dir='ltr'><strong>enm</strong></span> <span class='ocrx_word' id='word_1_163' title='bbox 955 2261 1060 2331; x_wconf 87' lang='lat' dir='ltr'><strong>rident,</strong></span> <span class='ocrx_word' id='word_1_164' title='bbox 1078 2281 1144 2323; x_wconf 92' lang='lat' dir='ltr'><strong>cnm</strong></span> <span class='ocrx_word' id='word_1_165' title='bbox 1157 2262 1345 2332; x_wconf 89' lang='lat' dir='ltr'><strong>subsannant,</strong></span> <span class='ocrx_word' id='word_1_166' title='bbox 1362 2263 1387 2322; x_wconf 89' lang='lat' dir='ltr'><strong>ei</strong></span> <span class='ocrx_word' id='word_1_167' title='bbox 1399 2261 1528 2323; x_wconf 87' lang='lat' dir='ltr'><strong>medinm</strong></span> <span class='ocrx_word' id='word_1_168' title='bbox 1541 2261 1666 2338; x_wconf 82' lang='lat' dir='ltr'><strong>digitum</strong></span> 
     </span>
     <span class='ocr_line' id='line_1_16' title="bbox 369 2362 1699 2443; baseline -0.006 -18"><span class='ocrx_word' id='word_1_169' title='bbox 369 2365 535 2426; x_wconf 89' lang='lat' dir='ltr'><strong>ostendunt.</strong></span> <span class='ocrx_word' id='word_1_170' title='bbox 574 2383 632 2443; x_wconf 91' lang='lat' dir='ltr'><strong>quo</strong></span> <span class='ocrx_word' id='word_1_171' title='bbox 655 2366 763 2426; x_wconf 87' lang='lat' dir='ltr'><strong>laetum</strong></span> <span class='ocrx_word' id='word_1_172' title='bbox 786 2371 843 2432; x_wconf 88' lang='lat' dir='ltr'><strong>est,</strong></span> <span class='ocrx_word' id='word_1_173' title='bbox 867 2370 899 2423; x_wconf 89' lang='lat' dir='ltr'><strong>ut</strong></span> <span class='ocrx_word' id='word_1_174' title='bbox 919 2364 976 2423; x_wconf 92' lang='lat' dir='ltr'><strong>iam</strong></span> <span class='ocrx_word' id='word_1_175' title='bbox 995 2362 1078 2424; x_wconf 91' lang='lat' dir='ltr'><strong>multi</strong></span> <span class='ocrx_word' id='word_1_176' title='bbox 1092 2366 1143 2442; x_wconf 83' lang='lat' dir='ltr'><strong>qui</strong></span> <span class='ocrx_word' id='word_1_177' title='bbox 1158 2363 1261 2442; x_wconf 86' lang='lat' dir='ltr'><strong>procul</strong></span> <span class='ocrx_word' id='word_1_178' title='bbox 1277 2364 1367 2424; x_wconf 93' lang='lat' dir='ltr'><strong>dubio</strong></span> <span class='ocrx_word' id='word_1_179' title='bbox 1382 2363 1532 2423; x_wconf 90' lang='lat' dir='ltr'><strong>clarissimi</strong></span> <span class='ocrx_word' id='word_1_180' title='bbox 1548 2362 1699 2423; x_wconf 77' lang='lat' dir='ltr'><strong>evasuris</strong></span> 
     </span>
     <span class='ocr_line' id='line_1_17' title="bbox 289 2462 1667 2550; baseline -0.003 -23"><span class='ocrx_word' id='word_1_181' title='bbox 289 2465 290 2468; x_wconf 66' lang='grc'>’</span> <span class='ocrx_word' id='word_1_182' title='bbox 371 2475 468 2535; x_wconf 90' lang='lat' dir='ltr'><strong>erant,</strong></span> <span class='ocrx_word' id='word_1_183' title='bbox 489 2474 571 2526; x_wconf 88' lang='lat' dir='ltr'><strong>retro</strong></span> <span class='ocrx_word' id='word_1_184' title='bbox 586 2465 691 2543; x_wconf 90' lang='lat' dir='ltr'><strong>pedem</strong></span> <span class='ocrx_word' id='word_1_185' title='bbox 707 2462 884 2525; x_wconf 81' lang='lat' dir='ltr'><strong>contulerint</strong></span> <span class='ocrx_word' id='word_1_186' title='bbox 898 2483 932 2524; x_wconf 92' lang='lat' dir='ltr'><strong>ac</strong></span> <span class='ocrx_word' id='word_1_187' title='bbox 947 2463 1058 2543; x_wconf 86' lang='lat' dir='ltr'><strong>vulgari</strong></span> <span class='ocrx_word' id='word_1_188' title='bbox 1073 2467 1202 2543; x_wconf 88' lang='lat' dir='ltr'><strong>opinioni</strong></span> <span class='ocrx_word' id='word_1_189' title='bbox 1222 2466 1412 2527; x_wconf 77' lang='lat' dir='ltr'><strong>adbaeserint:</strong></span> <span class='ocrx_word' id='word_1_190' title='bbox 1434 2483 1549 2550; x_wconf 90' lang='lat' dir='ltr'><strong>possem</strong></span> <span class='ocrx_word' id='word_1_191' title='bbox 1572 2465 1667 2524; x_wconf 92' lang='lat' dir='ltr'><strong>nomi·</strong></span> 
     </span>
     <span class='ocr_line' id='line_1_18' title="bbox 302 2554 1667 2650; baseline 0.002 -28"><span class='ocrx_word' id='word_1_192' title='bbox 302 2592 321 2642; x_wconf 61' lang='grc' dir='ltr'><strong>ς,</strong></span> <span class='ocrx_word' id='word_1_193' title='bbox 331 2592 361 2636; x_wconf 69' lang='grc' dir='ltr'><strong>η,</strong></span> <span class='ocrx_word' id='word_1_194' title='bbox 373 2566 489 2650; x_wconf 64' lang='lat' dir='ltr'><strong>cuum}</strong></span> <span class='ocrx_word' id='word_1_195' title='bbox 511 2584 583 2627; x_wconf 87' lang='lat' dir='ltr'><strong>nare</strong></span> <span class='ocrx_word' id='word_1_196' title='bbox 599 2565 720 2645; x_wconf 85' lang='lat' dir='ltr'><strong>aliquos,</strong></span> <span class='ocrx_word' id='word_1_197' title='bbox 737 2574 766 2625; x_wconf 88' lang='lat' dir='ltr'><strong>et</strong></span> <span class='ocrx_word' id='word_1_198' title='bbox 781 2573 812 2625; x_wconf 89' lang='lat' dir='ltr'><strong>tn</strong></span> <span class='ocrx_word' id='word_1_199' title='bbox 828 2565 922 2624; x_wconf 85' lang='lat' dir='ltr'><strong>vidisti</strong></span> <span class='ocrx_word' id='word_1_200' title='bbox 937 2566 1175 2627; x_wconf 89' lang='lat' dir='ltr'><strong>innumerabiles.</strong></span> <span class='ocrx_word' id='word_1_201' title='bbox 1204 2566 1272 2627; x_wconf 89' lang='lat' dir='ltr'><strong>lllos</strong></span> <span class='ocrx_word' id='word_1_202' title='bbox 1288 2554 1357 2627; x_wconf 72' lang='lat' dir='ltr'><strong>iero</strong></span> <span class='ocrx_word' id='word_1_203' title='bbox 1368 2575 1524 2628; x_wconf 77' lang='lat' dir='ltr'><strong>centauros</strong></span> <span class='ocrx_word' id='word_1_204' title='bbox 1536 2565 1667 2644; x_wconf 86' lang='lat' dir='ltr'><strong>qnotidie</strong></span> 
     </span>
     <span class='ocr_line' id='line_1_19' title="bbox 371 2657 1667 2750; baseline -0.001 -21"><span class='ocrx_word' id='word_1_205' title='bbox 371 2670 505 2731; x_wconf 91' lang='lat' dir='ltr'><strong>andimus</strong></span> <span class='ocrx_word' id='word_1_206' title='bbox 527 2667 612 2728; x_wconf 89' lang='lat' dir='ltr'><strong>nobis</strong></span> <span class='ocrx_word' id='word_1_207' title='bbox 634 2666 847 2743; x_wconf 86' lang='lat' dir='ltr'><strong>obstrepentes,</strong></span> <span class='ocrx_word' id='word_1_208' title='bbox 871 2674 899 2726; x_wconf 90' lang='lat' dir='ltr'><strong>et</strong></span> <span class='ocrx_word' id='word_1_209' title='bbox 914 2674 946 2727; x_wconf 94' lang='lat' dir='ltr'><strong>nt</strong></span> <span class='ocrx_word' id='word_1_210' title='bbox 963 2675 1032 2727; x_wconf 89' lang='lat' dir='ltr'><strong>sunt</strong></span> <span class='ocrx_word' id='word_1_211' title='bbox 1052 2659 1168 2748; x_wconf 80' lang='grc' dir='ltr'><strong><em>νήπιοι</em></strong></span> <span class='ocrx_word' id='word_1_212' title='bbox 1190 2657 1369 2750; x_wconf 72' lang='grc' dir='ltr'><strong><em>ἀγροιῶται</em></strong></span> <span class='ocrx_word' id='word_1_213' title='bbox 1392 2663 1554 2748; x_wconf 77' lang='grc' dir='ltr'><strong><em>ἐφημέρια</em></strong></span> <span class='ocrx_word' id='word_1_214' title='bbox 1577 2685 1667 2746; x_wconf 90' lang='grc' dir='ltr'><strong><em>φρο-</em></strong></span> 
     </span>
     <span class='ocr_line' id='line_1_20' title="bbox 370 2760 1665 2849; baseline -0.002 -18"><span class='ocrx_word' id='word_1_215' title='bbox 370 2766 521 2846; x_wconf 82' lang='grc' dir='ltr'><strong><em>νέοντες,</em></strong></span> <span class='ocrx_word' id='word_1_216' title='bbox 537 2787 569 2829; x_wconf 90' lang='lat' dir='ltr'><strong>se</strong></span> <span class='ocrx_word' id='word_1_217' title='bbox 584 2767 662 2828; x_wconf 87' lang='lat' dir='ltr'><strong>solos</strong></span> <span class='ocrx_word' id='word_1_218' title='bbox 677 2775 794 2845; x_wconf 69' lang='lat' dir='ltr'><strong>liniant,</strong></span> <span class='ocrx_word' id='word_1_219' title='bbox 813 2768 842 2827; x_wconf 92' lang='lat' dir='ltr'><strong>in</strong></span> <span class='ocrx_word' id='word_1_220' title='bbox 858 2785 932 2847; x_wconf 89' lang='lat' dir='ltr'><strong>quos</strong></span> <span class='ocrx_word' id='word_1_221' title='bbox 946 2760 1050 2845; x_wconf 83' lang='lat' dir='ltr'><strong>reponi</strong></span> <span class='ocrx_word' id='word_1_222' title='bbox 1066 2769 1171 2830; x_wconf 90' lang='lat' dir='ltr'><strong>debeat</strong></span> <span class='ocrx_word' id='word_1_223' title='bbox 1185 2773 1281 2831; x_wconf 89' lang='lat' dir='ltr'><strong>omnis</strong></span> <span class='ocrx_word' id='word_1_224' title='bbox 1294 2772 1396 2849; x_wconf 72' lang='lat' dir='ltr'><strong>patries</strong></span> <span class='ocrx_word' id='word_1_225' title='bbox 1410 2787 1478 2847; x_wconf 89' lang='lat' dir='ltr'><strong>spes</strong></span> <span class='ocrx_word' id='word_1_226' title='bbox 1495 2768 1665 2836; x_wconf 76' lang='lat' dir='ltr'><strong>asidaeis:</strong></span> 
     </span>
     <span class='ocr_line' id='line_1_21' title="bbox 372 2869 1700 2949; baseline -0.003 -17"><span class='ocrx_word' id='word_1_227' title='bbox 372 2890 426 2949; x_wconf 89' lang='lat' dir='ltr'><strong>per</strong></span> <span class='ocrx_word' id='word_1_228' title='bbox 447 2890 479 2931; x_wconf 90' lang='lat' dir='ltr'><strong>se</strong></span> <span class='ocrx_word' id='word_1_229' title='bbox 500 2888 576 2931; x_wconf 88' lang='lat' dir='ltr'><strong>unos</strong></span> <span class='ocrx_word' id='word_1_230' title='bbox 598 2870 694 2929; x_wconf 79' lang='lat' dir='ltr'><strong>omma</strong></span> <span class='ocrx_word' id='word_1_231' title='bbox 717 2869 796 2929; x_wconf 89' lang='lat' dir='ltr'><strong>domi</strong></span> <span class='ocrx_word' id='word_1_232' title='bbox 818 2870 947 2948; x_wconf 87' lang='lat' dir='ltr'><strong>lorisque</strong></span> <span class='ocrx_word' id='word_1_233' title='bbox 969 2871 1098 2948; x_wconf 88' lang='lat' dir='ltr'><strong>gerenda</strong></span> <span class='ocrx_word' id='word_1_234' title='bbox 1121 2891 1186 2932; x_wconf 87' lang='lat' dir='ltr'><strong>esse</strong></span> <span class='ocrx_word' id='word_1_235' title='bbox 1208 2878 1374 2942; x_wconf 88' lang='lat' dir='ltr'><strong>autumant;</strong></span> <span class='ocrx_word' id='word_1_236' title='bbox 1397 2891 1429 2932; x_wconf 89' lang='lat' dir='ltr'><strong>se</strong></span> <span class='ocrx_word' id='word_1_237' title='bbox 1453 2871 1531 2932; x_wconf 89' lang='lat' dir='ltr'><strong>solos</strong></span> <span class='ocrx_word' id='word_1_238' title='bbox 1551 2869 1700 2930; x_wconf 72' lang='lat' dir='ltr'><strong>nobilesn</strong></span> 
     </span>
     <span class='ocr_line' id='line_1_22' title="bbox 373 2971 1666 3051; baseline -0.005 -18"><span class='ocrx_word' id='word_1_239' title='bbox 373 2974 546 3042; x_wconf 83' lang='lat' dir='ltr'><strong>existimant,</strong></span> <span class='ocrx_word' id='word_1_240' title='bbox 563 2973 631 3032; x_wconf 83' lang='lat' dir='ltr'><strong>caeci</strong></span> <span class='ocrx_word' id='word_1_241' title='bbox 646 2971 861 3033; x_wconf 84' lang='lat' dir='ltr'><strong>mediusfidius</strong></span> <span class='ocrx_word' id='word_1_242' title='bbox 876 2973 982 3042; x_wconf 90' lang='lat' dir='ltr'><strong>obtusi,</strong></span> <span class='ocrx_word' id='word_1_243' title='bbox 998 2972 1199 3034; x_wconf 80' lang='lat' dir='ltr'><strong>etCimmeriis</strong></span> <span class='ocrx_word' id='word_1_244' title='bbox 1214 2974 1343 3034; x_wconf 90' lang='lat' dir='ltr'><strong>tenebris</strong></span> <span class='ocrx_word' id='word_1_245' title='bbox 1358 2973 1534 3034; x_wconf 84' lang='lat' dir='ltr'><strong>hebetiores.</strong></span> <span class='ocrx_word' id='word_1_246' title='bbox 1557 2973 1578 3031; x_wconf 84' lang='grc' dir='ltr'>Α</span> <span class='ocrx_word' id='word_1_247' title='bbox 1593 2990 1666 3051; x_wconf 72' lang='lat' dir='ltr'><strong>(pro</strong></span> 
     </span>
     <span class='ocr_line' id='line_1_23' title="bbox 304 3073 1667 3154; baseline -0.002 -18"><span class='ocrx_word' id='word_1_248' title='bbox 304 3094 439 3151; x_wconf 56' lang='lat' dir='ltr'><strong>piarum</strong></span> <span class='ocrx_word' id='word_1_249' title='bbox 461 3074 594 3135; x_wconf 88' lang='lat' dir='ltr'><strong>moribus</strong></span> <span class='ocrx_word' id='word_1_250' title='bbox 615 3082 647 3134; x_wconf 89' lang='lat' dir='ltr'><strong>tu</strong></span> <span class='ocrx_word' id='word_1_251' title='bbox 668 3073 804 3152; x_wconf 90' lang='lat' dir='ltr'><strong>intelligis</strong></span> <span class='ocrx_word' id='word_1_252' title='bbox 826 3082 967 3153; x_wconf 88' lang='lat' dir='ltr'><strong>qnantum</strong></span> <span class='ocrx_word' id='word_1_253' title='bbox 995 3074 1155 3135; x_wconf 88' lang='lat' dir='ltr'><strong>abhorreat</strong></span> <span class='ocrx_word' id='word_1_254' title='bbox 1180 3094 1265 3136; x_wconf 91' lang='lat' dir='ltr'><strong>meus</strong></span> <span class='ocrx_word' id='word_1_255' title='bbox 1292 3074 1407 3154; x_wconf 90' lang='lat' dir='ltr'><strong>gentilis</strong></span> <span class='ocrx_word' id='word_1_256' title='bbox 1426 3074 1572 3134; x_wconf 78' lang='lat' dir='ltr'><strong>Probinus</strong></span> <span class='ocrx_word' id='word_1_257' title='bbox 1594 3073 1667 3133; x_wconf 88' lang='lat' dir='ltr'><strong>llut-</strong></span> 
     </span>
     <span class='ocr_line' id='line_1_24' title="bbox 370 3172 1668 3259; baseline -0.001 -24"><span class='ocrx_word' id='word_1_258' title='bbox 370 3172 579 3259; x_wconf 51' lang='lat' dir='ltr'><strong>fi‘sslffiffiffijl</strong></span> <span class='ocrx_word' id='word_1_259' title='bbox 600 3184 702 3245; x_wconf 88' lang='lat' dir='ltr'><strong>tenus;</strong></span> <span class='ocrx_word' id='word_1_260' title='bbox 725 3195 793 3236; x_wconf 91' lang='lat' dir='ltr'><strong>nam</strong></span> <span class='ocrx_word' id='word_1_261' title='bbox 809 3195 876 3236; x_wconf 89' lang='lat' dir='ltr'><strong>cnm</strong></span> <span class='ocrx_word' id='word_1_262' title='bbox 898 3175 998 3237; x_wconf 88' lang='lat' dir='ltr'><strong>bteras</strong></span> <span class='ocrx_word' id='word_1_263' title='bbox 1020 3177 1144 3255; x_wconf 89' lang='lat' dir='ltr'><strong>ignoret,</strong></span> <span class='ocrx_word' id='word_1_264' title='bbox 1168 3195 1201 3236; x_wconf 91' lang='lat' dir='ltr'><strong>ea</strong></span> <span class='ocrx_word' id='word_1_265' title='bbox 1224 3194 1281 3255; x_wconf 84' lang='lat' dir='ltr'><strong>qua</strong></span> <span class='ocrx_word' id='word_1_266' title='bbox 1303 3175 1386 3237; x_wconf 93' lang='lat' dir='ltr'><strong>mnlti</strong></span> <span class='ocrx_word' id='word_1_267' title='bbox 1407 3177 1512 3238; x_wconf 91' lang='lat' dir='ltr'><strong>iniuria</strong></span> <span class='ocrx_word' id='word_1_268' title='bbox 1528 3194 1544 3235; x_wconf 96' lang='lat' dir='ltr'><strong>a</strong></span> <span class='ocrx_word' id='word_1_269' title='bbox 1563 3174 1668 3235; x_wconf 87' lang='lat' dir='ltr'><strong>studiis</strong></span> 
     </span>
     <span class='ocr_line' id='line_1_25' title="bbox 371 3276 1667 3356; baseline -0.001 -19"><span class='ocrx_word' id='word_1_270' title='bbox 371 3277 440 3337; x_wconf 91' lang='lat' dir='ltr'><strong>olim</strong></span> <span class='ocrx_word' id='word_1_271' title='bbox 463 3278 632 3346; x_wconf 88' lang='lat' dir='ltr'><strong>distractus,</strong></span> <span class='ocrx_word' id='word_1_272' title='bbox 655 3278 693 3337; x_wconf 88' lang='lat' dir='ltr'><strong>ita</strong></span> <span class='ocrx_word' id='word_1_273' title='bbox 716 3284 814 3338; x_wconf 91' lang='lat' dir='ltr'><strong>tamen</strong></span> <span class='ocrx_word' id='word_1_274' title='bbox 836 3276 872 3337; x_wconf 91' lang='lat' dir='ltr'><strong>de</strong></span> <span class='ocrx_word' id='word_1_275' title='bbox 886 3276 986 3337; x_wconf 89' lang='lat' dir='ltr'><strong>literis</strong></span> <span class='ocrx_word' id='word_1_276' title='bbox 1007 3296 1042 3337; x_wconf 89' lang='lat' dir='ltr'><strong>ac</strong></span> <span class='ocrx_word' id='word_1_277' title='bbox 1063 3276 1185 3339; x_wconf 89' lang='lat' dir='ltr'><strong>literatis</strong></span> <span class='ocrx_word' id='word_1_278' title='bbox 1206 3277 1342 3338; x_wconf 91' lang='lat' dir='ltr'><strong>omnibus</strong></span> <span class='ocrx_word' id='word_1_279' title='bbox 1363 3279 1452 3338; x_wconf 89' lang='lat' dir='ltr'><strong>sentit</strong></span> <span class='ocrx_word' id='word_1_280' title='bbox 1472 3297 1507 3338; x_wconf 92' lang='lat' dir='ltr'><strong>ac</strong></span> <span class='ocrx_word' id='word_1_281' title='bbox 1527 3277 1667 3356; x_wconf 88' lang='lat' dir='ltr'><strong>loquitur,</strong></span> 
     </span>
     <span class='ocr_line' id='line_1_26' title="bbox 373 3377 1699 3458; baseline -0.003 -19"><span class='ocrx_word' id='word_1_282' title='bbox 373 3380 455 3439; x_wconf 92' lang='lat' dir='ltr'><strong>utin</strong></span> <span class='ocrx_word' id='word_1_283' title='bbox 477 3379 579 3440; x_wconf 91' lang='lat' dir='ltr'><strong>studiis</strong></span> <span class='ocrx_word' id='word_1_284' title='bbox 601 3378 752 3439; x_wconf 90' lang='lat' dir='ltr'><strong>literarum</strong></span> <span class='ocrx_word' id='word_1_285' title='bbox 774 3377 917 3439; x_wconf 84' lang='lat' dir='ltr'><strong>coaluisse</strong></span> <span class='ocrx_word' id='word_1_286' title='bbox 939 3379 1059 3439; x_wconf 87' lang='lat' dir='ltr'><strong>credas:</strong></span> <span class='ocrx_word' id='word_1_287' title='bbox 1082 3399 1116 3440; x_wconf 88' lang='lat' dir='ltr'><strong>oa</strong></span> <span class='ocrx_word' id='word_1_288' title='bbox 1138 3386 1183 3439; x_wconf 78' lang='lat' dir='ltr'><strong>ost</strong></span> <span class='ocrx_word' id='word_1_289' title='bbox 1204 3397 1274 3458; x_wconf 87' lang='lat' dir='ltr'><strong>erga</strong></span> <span class='ocrx_word' id='word_1_290' title='bbox 1296 3389 1399 3441; x_wconf 87' lang='lat' dir='ltr'><strong>omnes</strong></span> <span class='ocrx_word' id='word_1_291' title='bbox 1420 3380 1608 3448; x_wconf 86' lang='lat' dir='ltr'><strong>humanitate,</strong></span> <span class='ocrx_word' id='word_1_292' title='bbox 1632 3392 1699 3439; x_wconf 70' lang='lat' dir='ltr'><strong>ears</strong></span> 
     </span>
     <span class='ocr_line' id='line_1_27' title="bbox 371 3480 1667 3560; baseline -0.001 -20"><span class='ocrx_word' id='word_1_293' title='bbox 371 3482 401 3540; x_wconf 93' lang='lat' dir='ltr'><strong>in</strong></span> <span class='ocrx_word' id='word_1_294' title='bbox 425 3481 550 3557; x_wconf 55' lang='lat' dir='ltr'><strong>intrando</strong></span> <span class='ocrx_word' id='word_1_295' title='bbox 573 3499 621 3541; x_wconf 88' lang='lat' dir='ltr'><strong>me</strong></span> <span class='ocrx_word' id='word_1_296' title='bbox 642 3480 821 3558; x_wconf 86' lang='lat' dir='ltr'><strong>benignitate</strong></span> <span class='ocrx_word' id='word_1_297' title='bbox 842 3499 877 3540; x_wconf 90' lang='lat' dir='ltr'><strong>ac</strong></span> <span class='ocrx_word' id='word_1_298' title='bbox 899 3481 1097 3541; x_wconf 87' lang='lat' dir='ltr'><strong>munificentia</strong></span> <span class='ocrx_word' id='word_1_299' title='bbox 1124 3488 1297 3559; x_wconf 89' lang='lat' dir='ltr'><strong>perspectus</strong></span> <span class='ocrx_word' id='word_1_300' title='bbox 1319 3490 1377 3542; x_wconf 89' lang='lat' dir='ltr'><strong>est:</strong></span> <span class='ocrx_word' id='word_1_301' title='bbox 1405 3489 1434 3543; x_wconf 90' lang='lat' dir='ltr'><strong>et</strong></span> <span class='ocrx_word' id='word_1_302' title='bbox 1461 3481 1578 3560; x_wconf 88' lang='lat' dir='ltr'><strong>qnando</strong></span> <span class='ocrx_word' id='word_1_303' title='bbox 1607 3498 1667 3540; x_wconf 88' lang='lat' dir='ltr'><strong>non</strong></span> 
     </span>
     <span class='ocr_line' id='line_1_28' title="bbox 313 3564 1668 3661; baseline 0.001 -20"><span class='ocrx_word' id='word_1_304' title='bbox 313 3564 330 3596; x_wconf 71' lang='lat'>&#39;</span> <span class='ocrx_word' id='word_1_305' title='bbox 374 3582 467 3642; x_wconf 86' lang='lat' dir='ltr'><strong>vidisti</strong></span> <span class='ocrx_word' id='word_1_306' title='bbox 483 3583 562 3643; x_wconf 90' lang='lat' dir='ltr'><strong>bunc</strong></span> <span class='ocrx_word' id='word_1_307' title='bbox 576 3583 831 3661; x_wconf 87' lang='lat' dir='ltr'><strong>ingemiscentem,</strong></span> <span class='ocrx_word' id='word_1_308' title='bbox 847 3584 962 3660; x_wconf 89' lang='lat' dir='ltr'><strong>quoties</strong></span> <span class='ocrx_word' id='word_1_309' title='bbox 977 3584 1006 3643; x_wconf 91' lang='lat' dir='ltr'><strong>in</strong></span> <span class='ocrx_word' id='word_1_310' title='bbox 1022 3601 1154 3644; x_wconf 88' lang='lat' dir='ltr'><strong>mearum</strong></span> <span class='ocrx_word' id='word_1_311' title='bbox 1170 3582 1366 3644; x_wconf 87' lang='lat' dir='ltr'><strong>calamitatum</strong></span> <span class='ocrx_word' id='word_1_312' title='bbox 1377 3584 1527 3644; x_wconf 87' lang='lat' dir='ltr'><strong>bistoriam</strong></span> <span class='ocrx_word' id='word_1_313' title='bbox 1540 3582 1668 3661; x_wconf 89' lang='lat' dir='ltr'><strong>aliquam</strong></span> 
     </span>
     <span class='ocr_line' id='line_1_29' title="bbox 374 3683 1669 3764; baseline -0.001 -21"><span class='ocrx_word' id='word_1_314' title='bbox 374 3683 492 3743; x_wconf 78' lang='lat' dir='ltr'><strong>incidit?</strong></span> <span class='ocrx_word' id='word_1_315' title='bbox 507 3683 625 3762; x_wconf 89' lang='lat' dir='ltr'><strong>quando</strong></span> <span class='ocrx_word' id='word_1_316' title='bbox 639 3702 698 3743; x_wconf 92' lang='lat' dir='ltr'><strong>non</strong></span> <span class='ocrx_word' id='word_1_317' title='bbox 715 3684 905 3761; x_wconf 87' lang='lat' dir='ltr'><strong>reprehendit</strong></span> <span class='ocrx_word' id='word_1_318' title='bbox 919 3683 1037 3745; x_wconf 91' lang='lat' dir='ltr'><strong>illorum</strong></span> <span class='ocrx_word' id='word_1_319' title='bbox 1052 3684 1208 3745; x_wconf 81' lang='lat' dir='ltr'><strong>strdticiam</strong></span> <span class='ocrx_word' id='word_1_320' title='bbox 1224 3703 1258 3744; x_wconf 90' lang='lat' dir='ltr'><strong>ac</strong></span> <span class='ocrx_word' id='word_1_321' title='bbox 1275 3684 1452 3763; x_wconf 91' lang='lat' dir='ltr'><strong>superbiam,</strong></span> <span class='ocrx_word' id='word_1_322' title='bbox 1469 3686 1519 3764; x_wconf 91' lang='lat' dir='ltr'><strong>qni</strong></span> <span class='ocrx_word' id='word_1_323' title='bbox 1541 3703 1573 3744; x_wconf 87' lang='lat' dir='ltr'><strong>se</strong></span> <span class='ocrx_word' id='word_1_324' title='bbox 1588 3685 1669 3762; x_wconf 89' lang='lat' dir='ltr'><strong>ipsos</strong></span> 
     </span>
     <span class='ocr_line' id='line_1_30' title="bbox 306 3766 1667 3865; baseline 0 -21"><span class='ocrx_word' id='word_1_325' title='bbox 306 3814 365 3864; x_wconf 48' lang='grc' dir='ltr'><strong>φη,</strong></span> <span class='ocrx_word' id='word_1_326' title='bbox 375 3766 510 3863; x_wconf 86' lang='lat' dir='ltr'><strong>ignorant</strong></span> <span class='ocrx_word' id='word_1_327' title='bbox 525 3793 555 3845; x_wconf 92' lang='lat' dir='ltr'><strong>et</strong></span> <span class='ocrx_word' id='word_1_328' title='bbox 569 3785 663 3845; x_wconf 89' lang='lat' dir='ltr'><strong>bonos</strong></span> <span class='ocrx_word' id='word_1_329' title='bbox 678 3786 886 3846; x_wconf 79' lang='lat' dir='ltr'><strong>contemnunt?</strong></span> <span class='ocrx_word' id='word_1_330' title='bbox 902 3774 1038 3864; x_wconf 85' lang='lat' dir='ltr'><strong>namque,</strong></span> <span class='ocrx_word' id='word_1_331' title='bbox 1054 3794 1087 3846; x_wconf 94' lang='lat' dir='ltr'><strong>nt</strong></span> <span class='ocrx_word' id='word_1_332' title='bbox 1100 3788 1186 3856; x_wconf 90' lang='lat' dir='ltr'><strong>nosti,</strong></span> <span class='ocrx_word' id='word_1_333' title='bbox 1203 3774 1245 3847; x_wconf 77' lang='lat' dir='ltr'><strong>ori</strong></span> <span class='ocrx_word' id='word_1_334' title='bbox 1260 3783 1342 3859; x_wconf 80' lang='grc' dir='ltr'><strong><em>νοῦς</em></strong></span> <span class='ocrx_word' id='word_1_335' title='bbox 1356 3780 1406 3846; x_wconf 81' lang='grc' dir='ltr'><strong>ἐνὶ</strong></span> <span class='ocrx_word' id='word_1_336' title='bbox 1420 3777 1667 3865; x_wconf 82' lang='grc' dir='ltr'><strong><em>αενταύροιοιν.</em></strong></span> 
     </span>
     <span class='ocr_line' id='line_1_31' title="bbox 374 3885 1704 3969; baseline 0.001 -24"><span class='ocrx_word' id='word_1_337' title='bbox 374 3885 503 3969; x_wconf 59' lang='lat' dir='ltr'><strong>si&#39;gffilffi’l</strong></span> <span class='ocrx_word' id='word_1_338' title='bbox 525 3886 571 3947; x_wconf 86' lang='lat' dir='ltr'><strong>Tu</strong></span> <span class='ocrx_word' id='word_1_339' title='bbox 586 3904 656 3946; x_wconf 89' lang='lat' dir='ltr'><strong>vero</strong></span> <span class='ocrx_word' id='word_1_340' title='bbox 670 3904 747 3946; x_wconf 91' lang='lat' dir='ltr'><strong>nnus</strong></span> <span class='ocrx_word' id='word_1_341' title='bbox 762 3905 778 3946; x_wconf 90' lang='lat' dir='ltr'><strong>e</strong></span> <span class='ocrx_word' id='word_1_342' title='bbox 793 3888 894 3964; x_wconf 85' lang='lat' dir='ltr'><strong>paucis</strong></span> <span class='ocrx_word' id='word_1_343' title='bbox 909 3895 1016 3965; x_wconf 88' lang='lat' dir='ltr'><strong>quanta</strong></span> <span class='ocrx_word' id='word_1_344' title='bbox 1031 3886 1177 3949; x_wconf 81' lang='lat' dir='ltr'><strong>lmlicitate</strong></span> <span class='ocrx_word' id='word_1_345' title='bbox 1192 3889 1366 3949; x_wconf 82' lang='lat' dir='ltr'><strong>coniunxisti</strong></span> <span class='ocrx_word' id='word_1_346' title='bbox 1382 3889 1459 3957; x_wconf 86' lang='lat' dir='ltr'><strong>haec,</strong></span> <span class='ocrx_word' id='word_1_347' title='bbox 1479 3888 1601 3965; x_wconf 88' lang='lat' dir='ltr'><strong>negocia</strong></span> <span class='ocrx_word' id='word_1_348' title='bbox 1624 3887 1668 3946; x_wconf 90' lang='lat' dir='ltr'><strong>rei</strong></span> <span class='ocrx_word' id='word_1_349' title='bbox 1677 3900 1704 3940; x_wconf 68' lang='grc' dir='ltr'><strong>ιο</strong></span> 
     </span>
     <span class='ocr_line' id='line_1_32' title="bbox 376 3985 1669 4068; baseline 0 -21"><span class='ocrx_word' id='word_1_350' title='bbox 376 3985 507 4047; x_wconf 90' lang='lat' dir='ltr'><strong>militaris</strong></span> <span class='ocrx_word' id='word_1_351' title='bbox 523 3995 552 4047; x_wconf 89' lang='lat' dir='ltr'><strong>et</strong></span> <span class='ocrx_word' id='word_1_352' title='bbox 566 3987 662 4047; x_wconf 91' lang='lat' dir='ltr'><strong>ocium</strong></span> <span class='ocrx_word' id='word_1_353' title='bbox 678 3987 765 4047; x_wconf 89' lang='lat' dir='ltr'><strong>studii</strong></span> <span class='ocrx_word' id='word_1_354' title='bbox 779 3985 949 4049; x_wconf 84' lang='lat' dir='ltr'><strong>literarum?</strong></span> <span class='ocrx_word' id='word_1_355' title='bbox 971 4004 1036 4067; x_wconf 81' lang='lat' dir='ltr'><strong>quae</strong></span> <span class='ocrx_word' id='word_1_356' title='bbox 1051 3996 1080 4049; x_wconf 90' lang='lat' dir='ltr'><strong>te</strong></span> <span class='ocrx_word' id='word_1_357' title='bbox 1095 3989 1223 4050; x_wconf 82' lang='lat' dir='ltr'><strong>historiae</strong></span> <span class='ocrx_word' id='word_1_358' title='bbox 1242 3988 1349 4050; x_wconf 78' lang='lat' dir='ltr'><strong>latenti</strong></span> <span class='ocrx_word' id='word_1_359' title='bbox 1370 4008 1443 4068; x_wconf 89' lang='lat' dir='ltr'><strong>quas</strong></span> <span class='ocrx_word' id='word_1_360' title='bbox 1458 3988 1571 4050; x_wconf 82' lang='lat' dir='ltr'><strong>fabulas</strong></span> <span class='ocrx_word' id='word_1_361' title='bbox 1586 3989 1669 4066; x_wconf 88' lang='lat' dir='ltr'><strong>igno·</strong></span> 
     </span>
     <span class='ocr_line' id='line_1_33' title="bbox 306 4077 1669 4171; baseline 0.001 -23"><span class='ocrx_word' id='word_1_362' title='bbox 306 4077 365 4164; x_wconf 63' lang='lat' dir='ltr'><strong>gir,</strong></span> <span class='ocrx_word' id='word_1_363' title='bbox 376 4084 504 4171; x_wconf 65' lang='lat' dir='ltr'><strong>moun-l</strong></span> <span class='ocrx_word' id='word_1_364' title='bbox 526 4088 593 4148; x_wconf 81' lang='lat' dir='ltr'><strong>rasi</strong></span> <span class='ocrx_word' id='word_1_365' title='bbox 615 4106 680 4165; x_wconf 84' lang='lat' dir='ltr'><strong>qnae</strong></span> <span class='ocrx_word' id='word_1_366' title='bbox 696 4088 824 4148; x_wconf 88' lang='lat' dir='ltr'><strong>carmina</strong></span> <span class='ocrx_word' id='word_1_367' title='bbox 847 4108 905 4149; x_wconf 90' lang='lat' dir='ltr'><strong>non</strong></span> <span class='ocrx_word' id='word_1_368' title='bbox 920 4088 1033 4168; x_wconf 81' lang='lat' dir='ltr'><strong>legisti?</strong></span> <span class='ocrx_word' id='word_1_369' title='bbox 1055 4089 1212 4151; x_wconf 89' lang='lat' dir='ltr'><strong>Prudentia</strong></span> <span class='ocrx_word' id='word_1_370' title='bbox 1228 4110 1297 4151; x_wconf 89' lang='lat' dir='ltr'><strong>vero</strong></span> <span class='ocrx_word' id='word_1_371' title='bbox 1313 4098 1342 4151; x_wconf 91' lang='lat' dir='ltr'><strong>et</strong></span> <span class='ocrx_word' id='word_1_372' title='bbox 1355 4109 1456 4151; x_wconf 89' lang='lat' dir='ltr'><strong>rerum</strong></span> <span class='ocrx_word' id='word_1_373' title='bbox 1472 4091 1669 4169; x_wconf 90' lang='lat' dir='ltr'><strong>gerendarum</strong></span> 
     </span>
     <span class='ocr_line' id='line_1_34' title="bbox 376 4189 1670 4270; baseline 0.002 -21"><span class='ocrx_word' id='word_1_374' title='bbox 376 4189 479 4267; x_wconf 88' lang='lat' dir='ltr'><strong>peritia</strong></span> <span class='ocrx_word' id='word_1_375' title='bbox 500 4189 529 4248; x_wconf 92' lang='lat' dir='ltr'><strong>in</strong></span> <span class='ocrx_word' id='word_1_376' title='bbox 550 4196 579 4249; x_wconf 89' lang='lat' dir='ltr'><strong>te</strong></span> <span class='ocrx_word' id='word_1_377' title='bbox 598 4189 696 4247; x_wconf 90' lang='lat' dir='ltr'><strong>notior</strong></span> <span class='ocrx_word' id='word_1_378' title='bbox 718 4195 776 4257; x_wconf 88' lang='lat' dir='ltr'><strong>est,</strong></span> <span class='ocrx_word' id='word_1_379' title='bbox 799 4208 887 4268; x_wconf 90' lang='lat' dir='ltr'><strong>quam</strong></span> <span class='ocrx_word' id='word_1_380' title='bbox 903 4198 935 4251; x_wconf 93' lang='lat' dir='ltr'><strong>nt</strong></span> <span class='ocrx_word' id='word_1_381' title='bbox 950 4210 965 4250; x_wconf 92' lang='lat' dir='ltr'><strong>a</strong></span> <span class='ocrx_word' id='word_1_382' title='bbox 981 4210 1029 4251; x_wconf 89' lang='lat' dir='ltr'><strong>me</strong></span> <span class='ocrx_word' id='word_1_383' title='bbox 1044 4193 1129 4270; x_wconf 91' lang='lat' dir='ltr'><strong>prodi</strong></span> <span class='ocrx_word' id='word_1_384' title='bbox 1145 4191 1265 4253; x_wconf 90' lang='lat' dir='ltr'><strong>debeat:</strong></span> <span class='ocrx_word' id='word_1_385' title='bbox 1289 4191 1375 4253; x_wconf 87' lang='lat' dir='ltr'><strong>talem</strong></span> <span class='ocrx_word' id='word_1_386' title='bbox 1395 4201 1425 4254; x_wconf 90' lang='lat' dir='ltr'><strong>te</strong></span> <span class='ocrx_word' id='word_1_387' title='bbox 1445 4192 1522 4270; x_wconf 90' lang='lat' dir='ltr'><strong>apud</strong></span> <span class='ocrx_word' id='word_1_388' title='bbox 1542 4191 1670 4252; x_wconf 80' lang='lat' dir='ltr'><strong>invictis·</strong></span> 
     </span>
     <span class='ocr_line' id='line_1_35' title="bbox 377 4290 1670 4370; baseline 0.002 -21"><span class='ocrx_word' id='word_1_389' title='bbox 377 4291 482 4350; x_wconf 90' lang='lat' dir='ltr'><strong>simum</strong></span> <span class='ocrx_word' id='word_1_390' title='bbox 494 4291 637 4351; x_wconf 76' lang='lat' dir='ltr'><strong>Caesarem</strong></span> <span class='ocrx_word' id='word_1_391' title='bbox 649 4290 876 4352; x_wconf 84' lang='lat' dir='ltr'><strong>Maximilianum</strong></span> <span class='ocrx_word' id='word_1_392' title='bbox 892 4293 1064 4370; x_wconf 76' lang='lat' dir='ltr'><strong>prestitisti;</strong></span> <span class='ocrx_word' id='word_1_393' title='bbox 1087 4292 1136 4352; x_wconf 89' lang='lat' dir='ltr'><strong>tali</strong></span> <span class='ocrx_word' id='word_1_394' title='bbox 1152 4301 1181 4354; x_wconf 89' lang='lat' dir='ltr'><strong>te</strong></span> <span class='ocrx_word' id='word_1_395' title='bbox 1196 4312 1267 4354; x_wconf 92' lang='lat' dir='ltr'><strong>usus</strong></span> <span class='ocrx_word' id='word_1_396' title='bbox 1287 4301 1330 4354; x_wconf 88' lang='lat' dir='ltr'><strong>est</strong></span> <span class='ocrx_word' id='word_1_397' title='bbox 1342 4293 1507 4354; x_wconf 90' lang='lat' dir='ltr'><strong>loacbimus</strong></span> <span class='ocrx_word' id='word_1_398' title='bbox 1523 4293 1670 4361; x_wconf 88' lang='lat' dir='ltr'><strong>lllarcbio;</strong></span> 
     </span>
     <span class='ocr_line' id='line_1_36' title="bbox 323 4390 1707 4474; baseline 0 -24"><span class='ocrx_word' id='word_1_399' title='bbox 323 4398 326 4403; x_wconf 87' lang='lat'>&#39;</span> <span class='ocrx_word' id='word_1_400' title='bbox 375 4390 440 4451; x_wconf 91' lang='lat' dir='ltr'><strong>talis</strong></span> <span class='ocrx_word' id='word_1_401' title='bbox 457 4391 535 4470; x_wconf 89' lang='lat' dir='ltr'><strong>apud</strong></span> <span class='ocrx_word' id='word_1_402' title='bbox 552 4392 631 4454; x_wconf 85' lang='lat' dir='ltr'><strong>lnmc</strong></span> <span class='ocrx_word' id='word_1_403' title='bbox 642 4391 794 4454; x_wconf 73' lang='lat' dir='ltr'><strong>amenum</strong></span> <span class='ocrx_word' id='word_1_404' title='bbox 809 4393 934 4454; x_wconf 84' lang='lat' dir='ltr'><strong>maxima</strong></span> <span class='ocrx_word' id='word_1_405' title='bbox 950 4394 1081 4455; x_wconf 90' lang='lat' dir='ltr'><strong>omnium</strong></span> <span class='ocrx_word' id='word_1_406' title='bbox 1096 4403 1230 4456; x_wconf 86' lang='lat' dir='ltr'><strong>nostrum</strong></span> <span class='ocrx_word' id='word_1_407' title='bbox 1245 4395 1367 4457; x_wconf 87' lang='lat' dir='ltr'><strong>utilitate</strong></span> <span class='ocrx_word' id='word_1_408' title='bbox 1384 4404 1413 4456; x_wconf 87' lang='lat' dir='ltr'><strong>et</strong></span> <span class='ocrx_word' id='word_1_409' title='bbox 1427 4394 1595 4474; x_wconf 75' lang='lat' dir='ltr'><strong>reipublicae</strong></span> <span class='ocrx_word' id='word_1_410' title='bbox 1608 4395 1707 4454; x_wconf 76' lang='lat' dir='ltr'><strong>blo-ss</strong></span> 
     </span>
    </p>
   </div>
   <div class='ocr_carea' id='block_1_3' title="bbox 317 4578 1673 5154">
    <p class='ocr_par' dir='ltr' id='par_1_3' title="bbox 374 4578 1673 4647">
     <span class='ocr_line' id='line_1_37' title="bbox 374 4578 1673 4647; baseline 0.003 -19"><span class='ocrx_word' id='word_1_411' title='bbox 374 4579 435 4629; x_wconf 89' lang='lat' dir='ltr'><strong>Non</strong></span> <span class='ocrx_word' id='word_1_412' title='bbox 447 4578 529 4629; x_wconf 87' lang='lat' dir='ltr'><strong>decet</strong></span> <span class='ocrx_word' id='word_1_413' title='bbox 541 4594 591 4644; x_wconf 87' lang='lat' dir='ltr'><strong>per</strong></span> <span class='ocrx_word' id='word_1_414' title='bbox 605 4585 693 4630; x_wconf 86' lang='lat' dir='ltr'><strong>totam</strong></span> <span class='ocrx_word' id='word_1_415' title='bbox 705 4585 815 4631; x_wconf 88' lang='lat' dir='ltr'><strong>noctem</strong></span> <span class='ocrx_word' id='word_1_416' title='bbox 827 4581 945 4631; x_wconf 86' lang='lat' dir='ltr'><strong>dormire</strong></span> <span class='ocrx_word' id='word_1_417' title='bbox 959 4580 1144 4631; x_wconf 87' lang='lat' dir='ltr'><strong>consultorem</strong></span> <span class='ocrx_word' id='word_1_418' title='bbox 1155 4582 1259 4644; x_wconf 78' lang='lat' dir='ltr'><strong>virum,</strong></span> <span class='ocrx_word' id='word_1_419' title='bbox 1279 4583 1324 4631; x_wconf 91' lang='lat' dir='ltr'><strong>cui</strong></span> <span class='ocrx_word' id='word_1_420' title='bbox 1343 4586 1372 4632; x_wconf 84' lang='lat' dir='ltr'><strong>et</strong></span> <span class='ocrx_word' id='word_1_421' title='bbox 1384 4581 1478 4647; x_wconf 91' lang='lat' dir='ltr'><strong>populi</strong></span> <span class='ocrx_word' id='word_1_422' title='bbox 1492 4583 1633 4632; x_wconf 81' lang='lat' dir='ltr'><strong>commissi</strong></span> <span class='ocrx_word' id='word_1_423' title='bbox 1643 4587 1673 4632; x_wconf 76' lang='lat' dir='ltr'><strong>et</strong></span> 
     </span>
    </p>

    <p class='ocr_par' dir='ltr' id='par_1_4' title="bbox 353 4653 1673 4733">
     <span class='ocr_line' id='line_1_38' title="bbox 353 4653 1673 4733; baseline 0.002 -19"><span class='ocrx_word' id='word_1_424' title='bbox 353 4659 358 4666; x_wconf 80' lang='grc'><strong>’</strong></span> <span class='ocrx_word' id='word_1_425' title='bbox 374 4669 455 4714; x_wconf 82' lang='lat' dir='ltr'><strong>tanta</strong></span> <span class='ocrx_word' id='word_1_426' title='bbox 466 4664 588 4715; x_wconf 83' lang='lat' dir='ltr'><strong>curanda</strong></span> <span class='ocrx_word' id='word_1_427' title='bbox 600 4670 672 4716; x_wconf 73' lang='lat' dir='ltr'><strong>sumt.</strong></span> <span class='ocrx_word' id='word_1_428' title='bbox 708 4663 718 4697; x_wconf 85' lang='lat'>⁴</span> <span class='ocrx_word' id='word_1_429' title='bbox 730 4666 851 4721; x_wconf 84' lang='lat' dir='ltr'><strong>refertar</strong></span> <span class='ocrx_word' id='word_1_430' title='bbox 859 4669 885 4717; x_wconf 85' lang='lat'><strong>2.</strong></span> <span class='ocrx_word' id='word_1_431' title='bbox 922 4655 981 4724; x_wconf 63' lang='grc' dir='ltr'><strong>ὓοἷς</strong></span> <span class='ocrx_word' id='word_1_432' title='bbox 993 4659 1052 4716; x_wconf 76' lang='grc' dir='ltr'><strong>αἰεὶ</strong></span> <span class='ocrx_word' id='word_1_433' title='bbox 1065 4681 1090 4716; x_wconf 80' lang='grc' dir='ltr'><strong>ιι.</strong></span> <span class='ocrx_word' id='word_1_434' title='bbox 1098 4681 1121 4715; x_wconf 90' lang='grc' dir='ltr'><strong><em>τ.</em></strong></span> <span class='ocrx_word' id='word_1_435' title='bbox 1129 4664 1164 4731; x_wconf 67' lang='grc'><strong>1.]</strong></span> <span class='ocrx_word' id='word_1_436' title='bbox 1176 4667 1287 4716; x_wconf 86' lang='lat' dir='ltr'><strong>Homer.</strong></span> <span class='ocrx_word' id='word_1_437' title='bbox 1295 4664 1439 4717; x_wconf 77' lang='lat' dir='ltr'><strong>Onxvn.</strong></span> <span class='ocrx_word' id='word_1_438' title='bbox 1447 4653 1505 4716; x_wconf 75' lang='lat'><strong>⁶218.</strong></span> <span class='ocrx_word' id='word_1_439' title='bbox 1519 4672 1550 4716; x_wconf 86' lang='lat' dir='ltr'><strong>ut</strong></span> <span class='ocrx_word' id='word_1_440' title='bbox 1561 4681 1673 4733; x_wconf 86' lang='lat' dir='ltr'><strong>semper</strong></span> 
     </span>
    </p>

    <p class='ocr_par' dir='ltr' id='par_1_5' title="bbox 317 4749 1671 4817">
     <span class='ocr_line' id='line_1_39' title="bbox 317 4749 1671 4817; baseline 0 -16"><span class='ocrx_word' id='word_1_441' title='bbox 317 4765 322 4777; x_wconf 76' lang='lat'><strong><em>¹</em></strong></span> <span class='ocrx_word' id='word_1_442' title='bbox 376 4750 495 4801; x_wconf 88' lang='lat' dir='ltr'><strong>similem</strong></span> <span class='ocrx_word' id='word_1_443' title='bbox 507 4751 586 4801; x_wconf 85' lang='lat' dir='ltr'><strong>ducit</strong></span> <span class='ocrx_word' id='word_1_444' title='bbox 597 4750 664 4801; x_wconf 86' lang='lat' dir='ltr'><strong>deus</strong></span> <span class='ocrx_word' id='word_1_445' title='bbox 677 4751 712 4801; x_wconf 83' lang='lat' dir='ltr'><strong>nd</strong></span> <span class='ocrx_word' id='word_1_446' title='bbox 729 4750 855 4802; x_wconf 88' lang='lat' dir='ltr'><strong>similem.</strong></span> <span class='ocrx_word' id='word_1_447' title='bbox 908 4749 919 4782; x_wconf 80' lang='lat'>⁷</span> <span class='ocrx_word' id='word_1_448' title='bbox 934 4750 1141 4816; x_wconf 64' lang='lat' dir='ltr'><strong>jammcrnpez</strong></span> <span class='ocrx_word' id='word_1_449' title='bbox 1195 4751 1353 4817; x_wconf 83' lang='lat' dir='ltr'><strong>⁸pnderet,</strong></span> <span class='ocrx_word' id='word_1_450' title='bbox 1372 4767 1470 4816; x_wconf 88' lang='lat' dir='ltr'><strong>nempe</strong></span> <span class='ocrx_word' id='word_1_451' title='bbox 1484 4753 1589 4802; x_wconf 87' lang='lat' dir='ltr'><strong>invitus</strong></span> <span class='ocrx_word' id='word_1_452' title='bbox 1602 4757 1633 4801; x_wconf 83' lang='lat' dir='ltr'><strong>et</strong></span> <span class='ocrx_word' id='word_1_453' title='bbox 1644 4755 1671 4801; x_wconf 85' lang='lat'><strong>2.</strong></span> 
     </span>
    </p>

    <p class='ocr_par' dir='ltr' id='par_1_6' title="bbox 374 4825 1671 4902">
     <span class='ocr_line' id='line_1_40' title="bbox 374 4825 1671 4902; baseline 0.002 -18"><span class='ocrx_word' id='word_1_454' title='bbox 374 4840 429 4885; x_wconf 81' lang='lat' dir='ltr'><strong>aine</strong></span> <span class='ocrx_word' id='word_1_455' title='bbox 449 4851 532 4885; x_wconf 84' lang='lat' dir='ltr'><strong>sensu.</strong></span> <span class='ocrx_word' id='word_1_456' title='bbox 603 4834 623 4867; x_wconf 79' lang='lat'><strong>¹⁹</strong></span> <span class='ocrx_word' id='word_1_457' title='bbox 642 4833 713 4900; x_wconf 86' lang='lat' dir='ltr'><strong>eum]</strong></span> <span class='ocrx_word' id='word_1_458' title='bbox 728 4839 819 4886; x_wconf 84' lang='lat' dir='ltr'><strong>cnm2.</strong></span> <span class='ocrx_word' id='word_1_459' title='bbox 890 4834 911 4867; x_wconf 71' lang='lat'><strong>¹⁸</strong></span> <span class='ocrx_word' id='word_1_460' title='bbox 929 4826 1028 4901; x_wconf 74' lang='grc' dir='ltr'><strong><em>νήπιοι</em></strong></span> <span class='ocrx_word' id='word_1_461' title='bbox 1045 4825 1109 4900; x_wconf 77' lang='lat' dir='ltr'><strong>cipp.</strong></span> <span class='ocrx_word' id='word_1_462' title='bbox 1130 4828 1215 4902; x_wconf 74' lang='grc' dir='ltr'><strong><em>ἐφημ.</em></strong></span> <span class='ocrx_word' id='word_1_463' title='bbox 1236 4831 1330 4900; x_wconf 63' lang='grc' dir='ltr'><strong><em>φρομ]</em></strong></span> <span class='ocrx_word' id='word_1_464' title='bbox 1349 4835 1460 4885; x_wconf 87' lang='lat' dir='ltr'><strong>Homer.</strong></span> <span class='ocrx_word' id='word_1_465' title='bbox 1474 4836 1525 4886; x_wconf 93' lang='lat' dir='ltr'><strong>Od.</strong></span> <span class='ocrx_word' id='word_1_466' title='bbox 1538 4837 1614 4886; x_wconf 83' lang='lat' dir='ltr'><strong>xxl.</strong></span> <span class='ocrx_word' id='word_1_467' title='bbox 1627 4835 1671 4887; x_wconf 74' lang='lat'><strong>85.</strong></span> 
     </span>
    </p>

    <p class='ocr_par' dir='ltr' id='par_1_7' title="bbox 376 4906 1671 4988">
     <span class='ocr_line' id='line_1_41' title="bbox 376 4906 1671 4988; baseline 0.004 -21"><span class='ocrx_word' id='word_1_468' title='bbox 376 4919 454 4969; x_wconf 85' lang='lat' dir='ltr'><strong>stulti</strong></span> <span class='ocrx_word' id='word_1_469' title='bbox 466 4920 576 4980; x_wconf 84' lang='lat' dir='ltr'><strong>rustici,</strong></span> <span class='ocrx_word' id='word_1_470' title='bbox 590 4935 651 4985; x_wconf 85' lang='lat' dir='ltr'><strong>quae</strong></span> <span class='ocrx_word' id='word_1_471' title='bbox 663 4922 745 4976; x_wconf 85' lang='lat' dir='ltr'><strong>unius</strong></span> <span class='ocrx_word' id='word_1_472' title='bbox 757 4920 815 4970; x_wconf 89' lang='lat' dir='ltr'><strong>diei</strong></span> <span class='ocrx_word' id='word_1_473' title='bbox 827 4926 890 4970; x_wconf 82' lang='lat' dir='ltr'><strong>sunt</strong></span> <span class='ocrx_word' id='word_1_474' title='bbox 902 4920 1069 4984; x_wconf 84' lang='lat' dir='ltr'><strong>cogitantes.</strong></span> <span class='ocrx_word' id='word_1_475' title='bbox 1121 4919 1143 4951; x_wconf 74' lang='lat'><strong>²⁸</strong></span> <span class='ocrx_word' id='word_1_476' title='bbox 1161 4906 1343 4970; x_wconf 79' lang='lat' dir='ltr'><strong>stultilism2.</strong></span> <span class='ocrx_word' id='word_1_477' title='bbox 1384 4919 1406 4952; x_wconf 84' lang='lat'><strong>²⁹</strong></span> <span class='ocrx_word' id='word_1_478' title='bbox 1424 4911 1459 4971; x_wconf 74' lang='grc' dir='ltr'><strong>οὖ</strong></span> <span class='ocrx_word' id='word_1_479' title='bbox 1471 4920 1540 4979; x_wconf 75' lang='grc' dir='ltr'><strong><em>νοῦς</em></strong></span> <span class='ocrx_word' id='word_1_480' title='bbox 1551 4938 1578 4972; x_wconf 81' lang='grc' dir='ltr'><strong>ιι.</strong></span> <span class='ocrx_word' id='word_1_481' title='bbox 1595 4937 1621 4972; x_wconf 83' lang='grc' dir='ltr'><strong><em>τ.</em></strong></span> <span class='ocrx_word' id='word_1_482' title='bbox 1634 4920 1671 4988; x_wconf 70' lang='lat' dir='ltr'><strong>L]</strong></span> 
     </span>
    </p>

    <p class='ocr_par' dir='ltr' id='par_1_8' title="bbox 376 5004 1673 5154">
     <span class='ocr_line' id='line_1_42' title="bbox 376 5004 1673 5069; baseline 0.004 -17"><span class='ocrx_word' id='word_1_483' title='bbox 376 5017 431 5059; x_wconf 84' lang='lat' dir='ltr'><strong>non</strong></span> <span class='ocrx_word' id='word_1_484' title='bbox 447 5006 521 5054; x_wconf 84' lang='lat' dir='ltr'><strong>inest</strong></span> <span class='ocrx_word' id='word_1_485' title='bbox 537 5006 610 5055; x_wconf 82' lang='lat' dir='ltr'><strong>ratio</strong></span> <span class='ocrx_word' id='word_1_486' title='bbox 623 5004 778 5054; x_wconf 81' lang='lat' dir='ltr'><strong>Centauris.</strong></span> <span class='ocrx_word' id='word_1_487' title='bbox 814 5006 846 5054; x_wconf 90' lang='lat' dir='ltr'><strong>In</strong></span> <span class='ocrx_word' id='word_1_488' title='bbox 863 5004 1033 5068; x_wconf 81' lang='lat' dir='ltr'><strong>Diogeniani</strong></span> <span class='ocrx_word' id='word_1_489' title='bbox 1049 5007 1204 5069; x_wconf 79' lang='lat' dir='ltr'><strong>paroemiis,</strong></span> <span class='ocrx_word' id='word_1_490' title='bbox 1223 5004 1456 5057; x_wconf 74' lang='lat' dir='ltr'><strong>cent.V1.n⁰.Sl.</strong></span> <span class='ocrx_word' id='word_1_491' title='bbox 1477 5013 1519 5055; x_wconf 83' lang='lat' dir='ltr'><strong>est</strong></span> <span class='ocrx_word' id='word_1_492' title='bbox 1538 5004 1620 5065; x_wconf 74' lang='grc' dir='ltr'><strong><em>Νοῦς</em></strong></span> <span class='ocrx_word' id='word_1_493' title='bbox 1636 5022 1673 5057; x_wconf 78' lang='lat' dir='ltr'><strong>ov</strong></span> 
     </span>
     <span class='ocr_line' id='line_1_43' title="bbox 376 5081 1317 5154; baseline 0.001 -16"><span class='ocrx_word' id='word_1_494' title='bbox 376 5081 454 5152; x_wconf 75' lang='lat' dir='ltr'><strong>nupti</strong></span> <span class='ocrx_word' id='word_1_495' title='bbox 466 5082 649 5153; x_wconf 73' lang='grc' dir='ltr'><strong><em>Κενταύροις.</em></strong></span> <span class='ocrx_word' id='word_1_496' title='bbox 696 5088 719 5121; x_wconf 80' lang='lat'><strong>⁸⁰</strong></span> <span class='ocrx_word' id='word_1_497' title='bbox 739 5090 853 5154; x_wconf 82' lang='lat' dir='ltr'><strong>negotia</strong></span> <span class='ocrx_word' id='word_1_498' title='bbox 871 5096 895 5139; x_wconf 82' lang='lat' dir='ltr'><strong>et</strong></span> <span class='ocrx_word' id='word_1_499' title='bbox 913 5090 1031 5139; x_wconf 86' lang='lat' dir='ltr'><strong>otium2.</strong></span> <span class='ocrx_word' id='word_1_500' title='bbox 1084 5087 1106 5121; x_wconf 79' lang='lat'><strong>³²</strong></span> <span class='ocrx_word' id='word_1_501' title='bbox 1123 5087 1199 5154; x_wconf 85' lang='lat' dir='ltr'><strong>vero]</strong></span> <span class='ocrx_word' id='word_1_502' title='bbox 1219 5092 1317 5140; x_wconf 68' lang='lat' dir='ltr'><strong>versi.</strong></span> 
     </span>
    </p>
   </div>
   <div class='ocr_carea' id='block_1_4' title="bbox 0 0 2047 6209">
    <p class='ocr_par' dir='ltr' id='par_1_9' title="bbox 0 0 2047 6209">
     <span class='ocr_line' id='line_1_44' title="bbox 0 0 2047 6209; baseline 0 0"><span class='ocrx_word' id='word_1_503' title='bbox 0 0 2047 6209; x_wconf 95' lang='lat' dir='ltr'><strong> </strong></span> 
     </span>
    </p>
   </div>
  </div>
 </body>
</html>
