4067 6209
349 826 458 862 ernian.
478 825 786 869 1.1em.nue1ecsn.ue.
823 810 904 861 CXL.
922 826 1006 861 cnorr
1024 826 1061 861 au
1079 826 1199 862 urruns.
1218 827 1261 861 ne.
1281 826 1307 861 n.
1321 826 1349 863 n.
1364 825 1426 862 oce.
1440 820 1498 861 tttt.
1540 796 1613 868 307

316 984 434 1042 delatum
458 993 501 1039 est
516 984 675 1041 llebraieum
698 984 769 1063 istud
793 984 865 1056 quod
889 984 941 1039 buc
969 983 1071 1039 videbis
1099 983 1247 1047 inclusum,
1279 993 1497 1042 commentumne
1528 986 1614 1043 dicem

316 1071 511 1144 mysteriumne
533 1069 637 1124 dubito.
684 1068 710 1123 in
733 1070 810 1142 cupri
833 1068 930 1123 lamina
953 1076 1018 1142 post
1040 1077 1149 1124 exactos
1172 1069 1239 1125 urbe
1255 1069 1358 1125 ludaeos
1374 1079 1515 1144 repertum
1530 1071 1615 1126 aiunt.
1687 1140 1692 1150 Ι

315 1155 372 1227 Ego
396 1154 460 1228 quid
482 1154 563 1209 rerba
586 1153 705 1214 valeant.
730 1162 826 1215 teneo:
848 1170 941 1208 verum
964 1153 1054 1225 siquid
1077 1153 1183 1208 altioris
1206 1154 1310 1227 negotii
1333 1154 1405 1210 inest
1427 1154 1533 1217 iusitre.
1558 1173 1613 1211 me·

315 1247 433 1296 cummet
454 1237 652 1310 cogitabundus
672 1238 755 1310 agito.
794 1238 816 1292 si
839 1245 918 1310 potes
940 1245 986 1292 out
1009 1238 1032 1292 si
1055 1236 1132 1299 lieet,
1163 1255 1194 1292 ex
1222 1238 1386 1294 doctissimis
1406 1238 1543 1313 Capnioue
1573 1238 1614 1295 rel

294 1323 401 1380 ⁵Paulo
417 1323 492 1379 llieio
508 1321 747 1395 Oecolampadiove
770 1322 890 1393 exugito.
930 1321 1016 1376 Nosse
1038 1322 1119 1395 cupio
1142 1322 1165 1377 si
1182 1322 1287 1379 Ulrieus
1308 1323 1342 1378 de
1356 1323 1457 1379 llutteu
1480 1324 1615 1397 supersit;

319 1425 380 1463 nam
409 1425 496 1481 nuper
523 1408 587 1462 dum
615 1424 703 1462 essem
732 1406 893 1479 bloguutiae.
928 1406 1052 1461 humanis
1085 1404 1162 1461 illurn
1191 1407 1340 1463 excessisse
1369 1407 1456 1469 audii,
1489 1409 1616 1481 audiique
1707 1428 1713 1433 ·

317 1491 427 1553 dolens.
450 1509 511 1547 cum
534 1492 623 1564 ipsum
646 1508 812 1564 magnopere
834 1491 923 1546 virere
946 1498 974 1546 et
997 1490 1100 1564 optime
1122 1490 1210 1546 virere
1226 1492 1325 1547 malim.
1363 1492 1480 1548 bominis
1495 1493 1615 1548 demirer

319 1576 471 1649 ingenium:
495 1576 543 1631 sed
566 1584 676 1630 nostras
699 1583 755 1636 est,
779 1575 898 1630 Francus
922 1581 977 1635 est.
1001 1583 1028 1629 et
1052 1575 1144 1630 forsan
1167 1576 1263 1648 patriar
1286 1594 1328 1632 me
1352 1575 1423 1632 fallit
1445 1576 1636 1633 commuuio:

318 1678 372 1715 uon
396 1659 482 1721 fallit,
511 1661 640 1733 quoniam
668 1660 709 1714 vir
731 1660 841 1732 iugenio
864 1667 892 1714 et
921 1676 954 1714 eo
983 1659 1116 1714 acerrimo
1144 1659 1211 1715 mire
1240 1660 1371 1734 praeditus
1401 1668 1444 1718 est
1466 1702 1615 1716 .......

285 1757 310 1795 ro
326 1789 331 1799 .
350 1788 356 1800 .
374 1786 403 1799 ..
448 1743 512 1800 Vale
534 1745 577 1800 die
600 1745 626 1799 S.
650 1743 744 1800 Calirti
773 1761 843 1799 anuo
867 1751 908 1804 19.
932 1761 964 1799 en
986 1742 1123 1799 llebdorll.

336 2009 476 2044 nouorum.
872 1974 1070 2051 CXXXX.
1270 2008 1376 2044 rosen.
1388 2002 1489 2045 incer.
1500 2008 1526 2045 Δ.
1539 2004 1598 2045 tuto.
1658 1985 1667 1997 '

939 2149 979 2207 .1.

878 2296 894 2329 u
979 2282 1001 2329 ri
1037 2282 1076 2329 'oz

507 2368 701 2425 REVERENDO
722 2368 821 2424 Pdl'lll
843 2278 991 2425 lisddllllcil
1004 2278 1168 2424 pdlrrltetto
1191 2368 1433 2426 nvuvsruunbo

288 2466 310 2504 ¹5
433 2469 605 2511 sdanRvM
628 2469 815 2511 LITERARVM
838 2469 1040 2511 ruerussom
1064 2470 1130 2511 ’ΠΜ
1153 2468 1263 2511 Docro
1286 2471 1352 2512 ’ΝΜ
1376 2470 1503 2513 SANOTO

752 2554 854 2596 dinco
872 2554 931 2595 SVO
947 2554 1184 2604 Au'rmvlssmo

737 2634 921 2716 [CROTVS
953 2634 1195 2716 BVBIANVS]

404 2775 562 2833 Securum
598 2774 695 2831 Eckius
717 2775 809 2831 Romae
830 2774 986 2832 celebratur
1007 2776 1095 2831 vietor
1115 2774 1245 2849 Lipsiacae
1266 2774 1480 2850 disputaciouis:
1504 2781 1671 2837 ,tnnrumtt

318 2861 389 2917 valet
412 2861 553 2935 proprium
577 2860 780 2924 testimonium,
803 2860 849 2916 ubi
872 2860 991 2933 populus
1014 2878 1064 2934 spe
1086 2860 1195 2916 ducitur
1218 2859 1245 2914 in
1268 2877 1325 2917 eam
1348 2869 1469 2935 purtem,
1493 2860 1520 2916 iu
1536 2878 1617 2935 quam

283 2946 384 3001 rovelit
407 2944 530 3001 inclinari
553 2945 701 3001 victoriam.
735 2944 792 3017 Ego
815 2945 943 3018 prohibui
966 2944 1213 3019 praecipitaeionem
1236 2946 1392 3008 sententie.
1416 2963 1450 3001 ue
1470 2946 1496 3001 id
1517 2945 1617 3002 iterum

318 3037 461 3105 pateretur
475 3029 592 3091 Rhome,
617 3030 689 3103 quod
712 3029 794 3102 paulo
816 3038 879 3085 ante
903 3029 966 3085 tulit
987 3047 1049 3085 cnm
1073 3029 1235 3102 ignominia.
1260 3031 1368 3103 quando
1392 3029 1469 3107 Gallo
1491 3030 1618 3103 designa·

318 3117 356 3170 rit
385 3114 541 3188 imperium,
570 3114 616 3169 ubi
644 3114 783 3187 principes
810 3114 897 3169 uestri
926 3114 1066 3170 dominum
1093 3113 1220 3169 Carolum
1247 3114 1399 3186 elegerunt.
1445 3113 1496 3169 Sed
1519 3113 1617 3170 habeat

319 3201 377 3273 ipsa
401 3216 478 3255 suum
501 3198 642 3260 iudicium,
672 3199 818 3255 dummodo
845 3207 954 3254 constat
980 3215 1035 3254 nou
1065 3198 1154 3255 omnia
1183 3197 1254 3253 iusta
1283 3214 1343 3253 esse
1366 3214 1426 3270 quae
1448 3196 1547 3254 iudicio
1569 3198 1616 3254 dc·

318 3293 421 3340 cernat.
455 3283 526 3338 Misit
541 3282 659 3339 llecbius
682 3282 825 3356 epistolem
841 3283 970 3339 Rhemum
992 3291 1094 3357 praetcr
1117 3299 1196 3357 quam
1211 3282 1335 3339 Pontifici
1358 3289 1386 3339 et
1407 3281 1513 3338 duobus
1536 3281 1614 3338 thee·
1626 3289 1671 3341 §.u

283 3368 392 3442 relegis
415 3367 584 3442 paucissimis
607 3368 705 3431 visam,
734 3368 879 3440 quaedum
901 3368 1083 3424 secretissime
1105 3366 1258 3439 legeretur.
1286 3367 1380 3424 furtim
1403 3365 1616 3422 subauscultarit

320 3454 428 3527 quidam
450 3451 570 3507 medicus
593 3452 693 3508 amicus
716 3460 824 3514 noster,
849 3460 877 3508 et
900 3470 960 3525 quie
983 3452 1073 3507 obiter
1095 3451 1215 3508 retinere
1236 3452 1327 3525 potuit
1343 3451 1487 3514 memoria,
1511 3467 1616 3524 meeum

319 3536 526 3593 communicarit
548 3537 668 3592 fraterna
691 3536 760 3600 tide;
789 3554 842 3610 ego
865 3537 929 3599 tibi,
954 3536 1081 3598 Mentire,
1106 3536 1196 3591 refero
1220 3536 1312 3591 eadem
1334 3535 1400 3599 fide,
1423 3553 1457 3591 ne
1480 3536 1615 3609 proferas,

320 3640 375 3695 quo
398 3620 487 3677 salvus
510 3629 618 3676 maneat
640 3622 768 3677 medicus.
801 3621 866 3676 Erat
888 3622 989 3694 scripta
1012 3619 1129 3694 epistola
1152 3637 1203 3693 per
1224 3619 1306 3676 multa
1330 3620 1418 3694 capita
1434 3620 1671 3694 exprimeueial.³·

320 3707 442 3762 ordinem
465 3706 662 3779 disputacionis
685 3706 847 3780 Lipsiensis,
875 3705 971 3761 deinde
1003 3705 1111 3760 modum
1141 3722 1195 3778 quo
1223 3705 1354 3778 progredi
1376 3704 1474 3761 debeat
1496 3717 1631 3774 summus

284 3792 457 3864 sepontini,
487 3790 519 3845 ad
542 3798 615 3846 tuem
643 3790 845 3847 damnacionem
872 3790 1007 3863 designati
1036 3796 1100 3844 sunt
1123 3790 1245 3864 episcopi
1267 3807 1328 3846 cum
1350 3797 1427 3846 certo
1449 3806 1563 3845 numero
1586 3788 1619 3844 ad

321 3877 448 3932 iudicium
470 3876 631 3937 necessarii,
660 3876 793 3931 iudicatus
815 3875 911 3932 modus
934 3892 989 3949 quo
1012 3874 1097 3930 babiti
1119 3881 1184 3930 suut
1206 3874 1253 3948 qui
1275 3883 1371 3932 contre
1393 3873 1534 3931 ecelesiam
1557 3887 1619 3929 seu·

321 4057 650 4108 cxxxx.1.d=00d.
664 4058 720 4109 MS.
736 4057 818 4108 Goth.
833 4057 900 4107 bibl.
915 4057 1005 4108 ducat.
1024 4056 1114 4107 modio
1128 4056 1186 4106 sere
1205 4071 1269 4107 eree.
1283 4072 1342 4108 xvr.
1356 4057 1452 4124 script.
1473 4056 1572 4107 ‘ebert
1585 4056 1618 4107 B.

321 4143 359 4192 u⁰.
373 4140 424 4191 20.ι
442 4141 479 4191 4⁰.
499 4140 558 4192 foll.
575 4141 614 4201 lt.
628 4157 686 4207 sqq.
739 4142 756 4190 2
772 4161 808 4185 ==
824 4144 898 4192 Meu.
912 4144 983 4207 piet.
1001 4136 1101 4206 (Indie.
1115 4141 1247 4208 bibliogr.
1260 4157 1287 4191 n.
1300 4139 1353 4208 65.)
1371 4159 1397 4209 p.
1413 4142 1453 4191 ll.
1467 4157 1526 4207 sqq.
1546 4140 1618 4205 (Hes

390 4241 497 4291 quoque
515 4226 597 4277 relde
616 4226 811 4276 memorabiles
829 4226 940 4277 litteras
958 4226 1155 4293 neglegentius
1173 4228 1263 4293 repeti
1282 4228 1391 4277 curavit
1409 4226 1551 4294 Miegius.)

390 4359 457 4395 ¹⁴···¹⁰
474 4363 542 4413 Hice
558 4366 584 4412 in
598 4365 651 4425 fine
668 4368 785 4427 epistotae
802 4366 879 4410 XVII.
892 4362 1151 4415 Kul.Nov.e.1519.
1165 4365 1235 4415 datm
1250 4364 1298 4429 foi.
1313 4366 1355 4413 tt.
1368 4364 1444 4414 debet
1456 4364 1522 4421 cod..
1540 4377 1621 4427 cupra

321 4462 376 4495 cnm
389 4450 414 4497 2.
468 4448 538 4497 Huic
560 4450 678 4511 proxime
695 4450 811 4514 sequenti
827 4450 853 4498 in
870 4450 928 4499 cod.
946 4452 1132 4513 suprascripsit
1149 4451 1278 4499 recentior
1295 4451 1382 4500 meone
1400 4449 1480 4499 Crete
1498 4446 1620 4497 Rubtent

322 4532 445 4582 Luthero
469 4548 502 4581 ex
519 4531 687 4597 Bemberga.
706 4532 817 4597 diicyins
833 4533 866 4582 N.
885 4534 918 4583 N.
936 4535 1017 4584 dedit.
1088 4531 1109 4566 ¹⁸
1126 4533 1221 4583 Romae
1240 4530 1298 4597 dic]
1312 4534 1398 4583 Rome
1411 4534 1467 4583 cod.
1482 4538 1531 4598 qui,
1551 4532 1620 4597 qnod

321 4621 399 4665 tacite
423 4618 565 4674 emendavi,
590 4632 605 4665 e
625 4632 676 4680 pro
700 4632 716 4682 e
739 4623 764 4666 et
787 4615 869 4683 (qnod
889 4620 995 4675 retinui,
1020 4617 1131 4682 Micpiur
1154 4616 1284 4681 correxit)
1309 4632 1324 4667 c
1346 4633 1396 4682 pro
1421 4621 1433 4666 t
1456 4618 1521 4666 dore
1543 4619 1619 4675 solet.

321 4696 344 4730 ²⁰
362 4701 510 4750 senteutiae
526 4700 582 4764 [dic
601 4705 625 4750 in
644 4702 700 4751 cod.
714 4703 844 4751 scribitur.
895 4698 916 4733 ²¹
936 4699 1027 4767 Gallo]
1040 4701 1194 4751 Freueieco
1207 4701 1229 4751 I.
1244 4702 1313 4766 regi.
1365 4698 1388 4732 ¹²
1406 4697 1555 4764 dominum]
1569 4700 1617 4749 Di·

321 4799 384 4833 vum
401 4800 540 4848 perperam
553 4789 578 4835 2.
598 4802 634 4835 en:
646 4785 706 4834 drim
725 4788 782 4836 cod.
853 4781 1007 4851 elegerunt]
1027 4784 1182 4835 d.28.1un.
1197 4802 1222 4835 a.
1239 4784 1311 4836 1519.
1387 4782 1409 4815 ²¹
1426 4784 1552 4834 Heehius
1566 4799 1618 4849 pro

321 4872 517 4920 morccunred.
537 4871 683 4920 Eckiuse.
746 4868 768 4901 ²⁸
787 4866 919 4934 medicus]
939 4870 1069 4919 Euricius
1088 4869 1210 4920 Cordus?
1278 4869 1401 4934 potuerit
1412 4872 1438 4919 2.
1503 4865 1525 4901 ²⁸
1543 4865 1617 4934 §.3,]

322 4953 366 5003 cf.
381 4970 405 5004 e.
421 4970 461 5019 gr.
476 4955 587 5004 hethere
600 4955 689 5005 Scirr.
702 4971 724 5004 v.
744 4955 844 5005 Weicd.
857 4954 916 5003 XV.
929 4969 955 5003 u.
969 4952 1028 5004 395.
1042 4968 1101 5018 sqq.
1154 4952 1177 4986 ³⁰
1194 4953 1324 5004 Pontifex
1343 4952 1379 5002 ed
1397 4952 1619 5018 settenguen

322 5052 344 5087 s.
359 5041 385 5087 2.
474 5054 535 5088 cum
554 5056 578 5090 c.
597 5036 720 5104 numero]
739 5044 777 5087 ita
794 5040 928 5091 codett.
1008 5036 1029 5070 ⁸¹
1049 5036 1213 5103 necessarii]
1243 5040 1300 5089 cod.
1319 5021 1392 5103 nidij
1411 5040 1459 5089 ced
1480 5040 1516 5089 ad
1536 5054 1617 5108 mere.

321 5138 376 5187 rec.
388 5140 454 5173 nen.
473 5109 564 5188 nediij
634 5125 701 5174 unde
714 5124 731 5171 2
744 5125 815 5174 dedit
832 5123 995 5176 necessarii.
1015 5123 1101 5174 Locus
1118 5140 1167 5174 non
1185 5138 1262 5174 canuc
1280 5129 1328 5174 ert.

1325 5206 1390 5271 20*
