4067 6209
466 796 524 851 CX.
545 813 668 851 urucam
681 813 718 851 ao
730 814 848 853 ausser.
863 813 985 853 uoorur.
1000 814 1030 851 ru
1043 814 1144 852 mvrvn
1157 814 1243 852 enar.
1262 814 1346 853 uase.
1361 808 1420 851 rota.
1516 781 1590 857 249

310 1068 494 1149 [noevumq
873 1149 877 1157 ¹
906 1052 987 1130 CX.
1200 1133 1211 1156 .
1350 1070 1484 1139 [unsar.
1501 1072 1577 1139 mm

1336 1144 1588 1155 *—

572 1244 615 1285 An
638 1245 947 1288 navnnnnntssmvn
970 1246 1004 1287 tn
1028 1245 1168 1287 cunls'ro
1191 1246 1321 1288 PATREM

433 1330 706 1386 lLLVSl'lllSSllllVll
726 1330 900 1388 rntnclrEu
923 1331 1099 1388 ntuunrvlt
1120 1331 1465 1389 unnnnunnvnutnstn

371 1432 583 1474 cnnnlnauuu
606 1431 890 1473 nncnlnrtscorvu
913 1433 1130 1475 Moovnuruvu
1153 1434 1194 1472 ΕΤ
1216 1432 1523 1477 unonnssvnunnsuu

276 1517 289 1556 5
408 1502 410 1507 Ι
617 1515 794 1557 ΡΒΙΝΟῙΡΕΜ
817 1518 1012 1559 ELECTORBM
1035 1517 1268 1567 Parnarnnovn

690 1598 840 1659 VLRlCHl
862 1600 1028 1661 HVTTENl
1050 1600 1198 1671 EOVlTlS

472 1703 506 1744 ln
529 1703 631 1744 'rluvnt
653 1703 767 1744 LIVIVM
789 1704 987 1746 maromcvu
1004 1696 1118 1746 '101131118
1141 1705 1272 1747 AVOTVM
1293 1698 1422 1749 D'vonvs

846 1783 1043 1833 PRAEFATIO.

385 1907 496 1966 ductus
524 1922 620 1983 nuper
647 1913 821 1983 recuperata
850 1908 976 1987 quadam
1002 1909 1122 1969 minime
1151 1908 1364 1968 contemnenda
1386 1909 1431 1968 sui
1453 1916 1536 1987 parte
1558 1908 1649 1969 l'.t.t.

268 2023 291 2063 to
302 2007 400 2068 Livius
422 2027 490 2067 curn
513 2026 614 2067 seeum
637 2008 699 2087 ipso
722 2008 901 2070 consultaret
922 2009 972 2070 ubi
996 2016 1025 2069 et
1046 2011 1130 2070 cuius
1151 2009 1206 2069 sub
1229 2012 1418 2088 inscriptione
1446 2012 1475 2071 in
1498 2011 1593 2073 lucem

302 2112 408 2179 exiret,
438 2109 514 2169 hanc
536 2116 667 2168 nostram
693 2109 747 2169 sibi
775 2109 882 2186 delegit
912 2130 1031 2172 auream
1059 2112 1255 2188 lloguntiam,
1284 2118 1368 2197 pater
1395 2130 1429 2171 ac
1452 2115 1596 2193 princeps

302 2211 523 2279 colendissimo,
552 2212 629 2271 inter
651 2210 729 2270 alias'
743 2211 870 2290 Europae
899 2213 989 2273 urbes
1014 2213 1214 2289 dignissimam
1243 2219 1340 2282 ratuS,
1370 2213 1513 2284 arbitror,
1542 2214 1595 2276 ubi

302 2315 417 2373 renasci
440 2314 596 2390 gauderet,
620 2320 728 2392 tuaque
750 2321 905 2395 perspecta
927 2316 1037 2391 ingenti
1052 2332 1123 2391 erga
1138 2315 1284 2376 studiosos
1298 2334 1333 2375 ae
1347 2314 1477 2377 literatos
1492 2327 1595 2377 ornnes

302 2414 496 2490 benignitate,
528 2420 629 2494 apturn
651 2432 682 2474 se
705 2416 848 2475 invenisse
871 2418 982 2492 putarit
1002 2418 1182 2495 principem,
1212 2418 1295 2477 cuius
1318 2418 1453 2496 auspiciis
1474 2420 1594 2498 prodire

270 2518 333 2576 isin
357 2516 508 2594 publicum
530 2535 565 2576 ac
586 2516 697 2576 mundo
719 2535 751 2577 se
773 2517 929 2577 ostendere
951 2517 1045 2578 vellet.
1091 2518 1142 2578 llle
1164 2518 1274 2579 scilicet
1295 2525 1346 2580 aut
1365 2520 1500 2594 cogitavit
1521 2519 1649 2588 baete

303 2626 354 2678 aut
381 2636 440 2677 non
467 2620 564 2699 inepte
591 2637 608 2677 a
636 2618 723 2677 nobis
750 2620 893 2694 cogitasse
915 2620 1013 2697 putari
1035 2618 1131 2680 debet.
1177 2619 1250 2680 Nam
1273 2614 1297 2680 si
1320 2619 1364 2680 vel
1387 2619 1484 2681 locum
1507 2620 1597 2680 voluit

304 2720 401 2780 Livius
423 2718 550 2799 aliquem
573 2737 627 2780 suo
650 2719 792 2780 decorare
815 2738 951 2796 egressu,
975 2740 1064 2800 quem
1087 2722 1188 2782 debuit
1210 2721 1277 2783 urbi
1299 2723 1370 2794 artis
1384 2724 1515 2782 omnium
1531 2741 1597 2801 quae

303 2840 427 2900 usquam
456 2828 524 2881 sunt
552 2828 603 2881 aut
628 2839 758 2900 unquam
787 2821 921 2891 luerunt,
956 2824 1201 2901 praestantissimae
1226 2814 1379 2892 inventrici
1408 2843 1443 2884 ac
1472 2823 1597 2884 alumnae

305 2923 534 3001 (impressoriam
556 2932 643 3000 puto,
667 2942 755 3001 quam
778 2922 842 2983 hacc
864 2923 951 3002 dedit)
974 2925 1134 3002 praelerre?
1162 2924 1206 2985 vel
1222 2925 1371 2986 bominem
1387 2925 1516 3002 deligere
1531 2926 1596 2995 sibi,

268 3034 390 3085 aoctuus
418 3026 594 3105 impressum
622 3024 710 3084 leonti
737 3043 798 3085 suae
828 3043 936 3084 nomen
964 3025 1052 3087 veluti
1081 3028 1221 3106 temporis
1242 3034 1389 3088 monetam
1413 3045 1532 3106 quoquo
1554 3030 1598 3088 ire

305 3128 470 3201 contingat,
500 3126 621 3186 lionoris
644 3145 747 3186 natissa
775 3127 944 3205 praeterret,
979 3127 1066 3188 alium
1090 3134 1170 3188 certe
1197 3128 1334 3188 maluisse
1361 3130 1510 3189 nemmem
1533 3148 1598 3190 cre·

305 3228 465 3292 diderimus
488 3246 576 3305 quam
599 3235 642 3295 te,
673 3229 756 3288 cuius
778 3229 808 3288 iu
830 3227 987 3289 evehendis
1009 3229 1161 3290 literarum
1183 3230 1286 3290 studiis
1308 3248 1343 3290 ac
1364 3230 1499 3305 augendo
1522 3231 1596 3308 opti-

304 3347 420 3389 marum
444 3329 663 3408 disciplinarum
686 3328 766 3389 cultu
789 3329 968 3389 incredibilis
990 3330 1080 3390 ardor
1102 3350 1137 3391 ac
1158 3332 1232 3391 mira
1255 3332 1412 3400 industria,
1440 3332 1470 3390 in
1493 3349 1598 3411 perco-

305 3424 399 3491 lendis
422 3448 491 3489 vero
513 3430 606 3490 doctis
627 3430 796 3492 bominibus
818 3433 960 3491 immensa
982 3430 1141 3491 liberalitas
1163 3451 1197 3492 ac
1220 3435 1300 3509 regia
1323 3432 1409 3511 plane
1424 3433 1596 3492 immidcen·

269 3534 354 3593 cotia.
390 3532 458 3591 llaec
481 3531 626 3601 elliciuut,
651 3540 683 3592 ut
704 3550 808 3592 omnes
830 3538 973 3611 quotquot
994 3550 1097 3591 sumus
1118 3540 1168 3592 aut
1190 3534 1342 3594 bominum
1364 3535 1502 3612 opinione
1519 3534 1597 3594 docti
1606 3545 1652 3597 §.a

306 3640 410 3694 autre
434 3652 502 3693 vera
524 3640 605 3693 recte
626 3634 762 3702 studiosi,
791 3634 827 3693 ad
850 3651 941 3693 unum
963 3632 1021 3692 hoc
1044 3633 1190 3712 quoddam
1213 3634 1292 3695 velut
1313 3634 1424 3713 asylum
1447 3635 1597 3711 conlugia·

307 3753 386 3802 mus,
416 3752 583 3813 qrranquam
611 3743 643 3794 tu
671 3754 731 3795 non
759 3737 884 3795 sustines
911 3734 1115 3810 confugientes
1142 3752 1210 3804 uos,
1242 3754 1346 3796 rerum
1368 3743 1539 3796 cunctantes
1561 3737 1598 3797 ad

306 3843 335 3896 te
358 3836 435 3896 ultro
457 3838 545 3916 rapis.
591 3837 712 3896 Possem
732 3836 780 3895 hie
800 3836 914 3897 reterre
937 3854 1012 3915 quos
1035 3838 1111 3896 viros
1133 3855 1221 3915 quam
1243 3843 1275 3898 tu
1298 3836 1478 3899 familiariter
1500 3852 1653 3904 arces-§.c

306 3939 423 4006 siseris,
447 3957 513 4017 quae
536 3938 612 3998 dona
635 3939 698 3998 aliis
720 3938 849 4005 dederis,
879 3944 987 4016 quama
1010 3937 1108 3997 multis
1130 3937 1275 4019 pollicitus
1296 3940 1348 4007 sis,
1378 3940 1525 4018 quomodo
1548 3958 1599 4018 pe·

270 4043 394 4100 aocunia
416 4043 527 4119 pariter
549 4059 583 4100 ac
605 4041 745 4116 dignitate
768 4037 925 4098 nonnullos
947 4040 1078 4107 auxeris,
1102 4045 1131 4099 et
1148 4048 1196 4100 tua
1211 4040 1276 4101 aula
1292 4048 1326 4101 ut
1339 4048 1440 4119 aperta
1456 4044 1493 4102 sit
1508 4042 1601 4102 doctis

306 4141 530 4219 hospitalissime
552 4143 635 4209 viris,
665 4142 720 4213 qisi
749 4143 856 4201 scirem
883 4140 1007 4202 multum
1037 4161 1053 4202 a
1081 4149 1130 4202 tua
1159 4141 1379 4224 alienumesse
1407 4144 1548 4204 modestia
1570 4145 1601 4204 in

307 4244 377 4303 Livii
399 4243 571 4322 praelatione
592 4249 709 4302 tuarum
733 4242 784 4303 tibi
807 4241 926 4303 laudum
950 4245 1116 4305 encomium
1138 4244 1205 4321 legi.
1243 4244 1329 4307 Certo
1351 4246 1485 4324 prolecto
1507 4253 1537 4307 ct
1557 4245 1656 4309 lo-§.u

307 4364 359 4405 eus
382 4353 426 4404 est
448 4351 634 4423 opportunus
655 4344 720 4412 hic,
744 4343 795 4405 ubi
817 4363 877 4404 non
900 4347 1014 4405 renasci
1036 4352 1150 4406 tantmn
1172 4346 1238 4407 velit
1253 4350 1376 4408 eximius
1391 4349 1526 4426 scriptor,
1549 4346 1602 4407 sed

307 4448 379 4507 oriri
401 4448 489 4506 etiam
512 4445 581 4505 olim
604 4448 748 4523 potuerit,
778 4452 807 4505 et
827 4452 860 4505 tu
883 4446 990 4522 dignus
1012 4448 1062 4525 qui
1083 4454 1241 4525 patronum
1268 4451 1296 4508 in
1320 4448 1405 4524 vulgo
1428 4449 1499 4508 Livii
1521 4463 1600 4522 agas.

271 4569 297 4608 as
308 4547 409 4627 Neque
432 4548 557 4607 vicissim
589 4547 631 4624 (ut
656 4553 706 4607 tua
736 4547 829 4606 lretus
857 4546 986 4607 bonitate
1014 4547 1110 4608 dicam
1133 4547 1241 4627 aliquid
1264 4547 1365 4626 libere)
1395 4547 1532 4623 indignus
1554 4545 1602 4607 ille

724 4732 780 4781 CX.
800 4732 888 4782 Indic.
902 4732 1031 4798 bibliogr.
1046 4731 1083 4781 nl.
1097 4732 1186 4781 XXII.

373 4868 737 4919 ‘vumcureteomisdt
785 4866 807 4900 ¹⁸
825 4868 1048 4919 sivellocumd.
1095 4865 1116 4899 ¹⁸
1129 4867 1360 4931 praestantissima
1372 4870 1400 4916 2.
1444 4863 1524 4915 ”vel
1537 4866 1600 4917 sih.

305 4951 444 5018 deligeret
462 4953 517 5002 sibi
535 4957 624 5004 aialdu.
651 4952 695 5026 '¹⁰
713 4953 957 5019 impressoriam.
1004 4950 1026 4984 ²¹
1041 4966 1128 5002 eausa
1141 4956 1165 5001 5.
1212 4948 1403 5001 ”litterarum
1415 4953 1491 5000 2.4.-
1520 4949 1601 5017 ”ael

306 5042 334 5086 et
346 5043 371 5088 ⁵.
435 5036 571 5088 ²illoc-3.
636 5036 905 5103 ”quemquamst
975 5034 1032 5069 Μ
1051 5037 1235 5101 acquisiveris
1250 5040 1275 5087 3.
1346 5034 1368 5068 ³¹
1387 5038 1600 5087 caecutienti.

304 5120 327 5152 ³³
346 5128 496 5190 oportunus
510 5125 536 5175 3.
594 5123 616 5154 ³³
633 5123 773 5186 vicissim,
794 5128 844 5173 aut
857 5125 914 5174 Η.
996 5125 1000 5134 ’
