4067 6209
306 784 452 835 CLXXVI.
473 799 571 834 aaran.
585 799 622 834 sn
635 798 697 833 aaa.
712 797 778 832 uos.
792 798 835 831 aa.
856 780 1015 831 CLXXVII.
1036 796 1138 831 ursas.
1152 796 1188 831 an
1203 796 1315 832 sennar.
1330 799 1372 833 aar.
1387 800 1412 833 n.
1430 791 1487 833 taio.
1526 768 1593 841 361

307 960 386 1016 tificis
410 959 529 1014 famosos
553 957 673 1019 libellos.
705 975 766 1013 cum
793 957 1016 1012 revrcrcndissima
1046 964 1074 1011 et
1102 956 1283 1014 illustrissima
1306 958 1489 1016 dominatione
1511 970 1601 1016 vestra

306 1045 498 1105 corumcntari,
522 1044 673 1116 prasertim
692 1043 764 1116 quod
780 1042 949 1098 familiaritas
965 1043 1077 1098 llutteni
1101 1044 1147 1116 spii
1170 1044 1400 1100 reverendissimae
1422 1054 1449 1101 et
1473 1046 1601 1101 illustris·

307 1132 381 1185 siruae
397 1128 575 1184 dominationi
592 1136 687 1184 vestrm
704 1146 811 1201 semper
830 1129 930 1183 citriam
953 1129 1053 1184 dicitur
1075 1136 1200 1189 secutus,
1224 1137 1251 1185 et
1273 1129 1363 1191 locus,
1388 1130 1413 1184 in
1438 1147 1493 1203 epm
1515 1130 1601 1186 libelli

308 1215 480 1289 impressioni
502 1214 557 1269 clati
581 1213 704 1274 fuerunt,
727 1214 821 1269 civitas
844 1213 947 1268 seilicet
962 1214 1134 1284 Mogentiana,
1158 1213 1295 1269 nonunllis
1318 1216 1343 1270 in
1360 1216 1430 1270 llrlve
1447 1233 1500 1270 nou
1516 1215 1601 1272 levem

284 1304 402 1356 5εοιιινει
425 1299 674 1353 reverendissimam
698 1306 725 1354 et
749 1298 958 1369 illustrissimam
981 1298 1192 1354 dominationem
1214 1308 1329 1355 vestram
1353 1301 1532 1374 suspitionem
1555 1319 1602 1374 pe·

306 1385 437 1459 percrint.
482 1384 559 1456 Apud
583 1383 696 1438 eundern
719 1384 856 1438 clouiiunm
880 1383 1072 1455 llieronpruom
1097 1384 1123 1438 in
1146 1385 1346 1440 excusationem
1370 1386 1601 1441 reverendissimae

307 1480 334 1526 et
358 1469 549 1524 illustrissima
571 1468 763 1523 clonunationis
787 1475 883 1522 vestrm
913 1466 1005 1522 multis
1032 1467 1120 1523 verlris
1143 1469 1200 1542 egi.
1230 1471 1345 1542 primurn
1370 1471 1442 1542 quod
1466 1471 1601 1526 lluttcnns

306 1555 408 1611 curiam
432 1553 663 1607 reverendissimae
686 1561 713 1606 et
736 1552 928 1608 illustrissima
950 1552 1143 1608 dominationis
1166 1562 1263 1609 vestrm
1284 1572 1338 1609 non
1355 1544 1530 1627 serprreretur'.
1555 1573 1602 1611 ne·

308 1658 360 1714 que
383 1657 434 1712 pro
459 1638 583 1693 farriiliari
607 1636 640 1692 ab
663 1638 755 1692 eadem
779 1637 886 1692 habitus
910 1637 1007 1699 faverit:
1041 1637 1138 1694 deiude
1161 1640 1233 1712 qirrid
1256 1638 1365 1695 libellus
1389 1640 1434 1695 ille
1455 1640 1602 1712 lfoguntiaa

274 1728 410 1799 ¹⁰praeter
437 1723 681 1778 volnritatem‘scu
712 1721 851 1778 scientiam
880 1723 1111 1778 reverendissimae
1138 1732 1164 1778 ot
1196 1724 1387 1780 illustrissimae.
1409 1725 1602 1780 dominationis

307 1819 404 1865 vestrae
428 1808 523 1864 formis
546 1825 691 1881 expressus
715 1808 810 1868 fuerit.
834 1807 875 1862 vel
898 1825 931 1861 eo
954 1808 1067 1862 rnasirno
1089 1808 1186 1864 cornici
1210 1809 1312 1881 possit,
1337 1810 1409 1882 qrrvid
1433 1811 1602 1866 reverendis·

308 1895 374 1949 sima
402 1901 429 1948 et
456 1893 640 1948 illustrissima
668 1892 817 1948 dominatio
847 1900 935 1948 vestra
964 1892 991 1947 in
1022 1899 1078 1947 tota
1102 1892 1241 1948 Germania
1272 1896 1366 1950 airricus
1394 1913 1501 1968 semper
1530 1895 1602 1950 sedis

307 1978 468 2053 apostolicae
483 1978 595 2050 clypeus
619 1977 716 2038 suerit,
741 1977 855 2051 sitisque
878 1975 1045 2038 libertatern,
1069 1977 1243 2049 dignitatern,
1270 1979 1402 2034 lioncirom
1425 1988 1506 2053 atque
1529 1997 1602 2035 coin-

307 2064 416 2119 modum
440 2063 550 2118 sortiter
572 2070 600 2117 et
621 2062 842 2117 evaristantissime
865 2079 973 2134 semper
987 2063 1134 2118 asseruerit
1152 2070 1293 2135 tutataquc
1310 2064 1405 2125 fuerit,
1428 2072 1469 2125 ct,
1491 2072 1522 2119 ut
1537 2064 1602 2119 miln

274 2154 298 2195 ¹⁵
310 2148 462 2208 vilebatur,
492 2149 557 2201 satis
580 2147 632 2202 sihi
655 2146 793 2202 excusatio
816 2146 947 2202 eiusmodi
970 2146 1121 2219 probabilis
1147 2156 1174 2202 et
1203 2148 1371 2203 rationabilis
1400 2167 1450 2222 pro
1478 2167 1603 2205 reseren-

308 2233 419 2289 dissima
447 2240 474 2286 ot
503 2232 687 2288 illustrissima
714 2232 899 2287 dominatione
927 2239 1016 2287 vestra
1039 2232 1193 2288 ridebatur:
1225 2232 1403 2300 Quamobrem
1428 2253 1518 2308 operae
1542 2252 1603 2307 pre-

309 2320 374 2374 tium
399 2319 457 2373 fore
480 2336 539 2372 snm
562 2325 651 2378 ratus,
676 2326 852 2390 posteaquam
876 2325 998 2390 tempore
1021 2317 1112 2390 aliquo
1137 2318 1194 2392 ipse
1216 2319 1286 2391 aliud
1309 2320 1559 2374 reverendissimam
1576 2325 1603 2375 et

309 2401 520 2458 illustrissimam
542 2402 753 2458 dominationem
777 2411 893 2457 vestram
917 2401 999 2457 siverit
1022 2411 1218 2463 commoratus.
1242 2411 1272 2457 ut
1288 2404 1368 2458 etiam
1392 2404 1424 2459 ad
1447 2404 1602 2477 pontificem

308 2506 358 2560 pro
389 2487 509 2542 vdveriori
537 2488 689 2543 sanctitatis
717 2504 773 2541 suan
801 2487 987 2541 satisfactione
1016 2494 1044 2541 et
1073 2488 1243 2560 mitigatione
1273 2496 1300 2542 et
1322 2489 1553 2544 reverendissimae
1575 2496 1604 2545 et

271 2580 298 2617 2⁰
310 2571 500 2627 illustrissimae
522 2572 716 2627 dominationis
738 2579 835 2627 vestra
858 2571 1030 2627 excusatione
1053 2571 1147 2628 literas
1168 2572 1328 2645 perscribat.
1372 2574 1407 2629 lle
1430 2591 1483 2647 (pua
1510 2591 1539 2629 re
1562 2591 1603 2629 re·

307 2657 527 2713 verendissimam
550 2666 578 2712 et
601 2657 812 2712 illustrissimam
835 2655 1048 2712 dominationem
1069 2665 1185 2712 vestram
1208 2657 1382 2713 admonuisse
1404 2666 1446 2713 sat
1469 2659 1537 2720 erit,
1560 2658 1603 2713 cui

309 2760 350 2797 me
374 2742 521 2798 humillime
545 2752 572 2798 ct
594 2741 791 2797 officiosissime
814 2742 981 2798 commendo.
1027 2742 1083 2797 liat.
1106 2743 1203 2804 lionae,
1227 2742 1270 2798 die
1293 2743 1387 2816 quinta
1410 2742 1511 2799 niensis
1534 2742 1602 2797 lolii.

308 2831 386 2882 Aurio
411 2834 486 2887 1520.

460 2911 487 2967 Ε.
511 2911 583 2968 Rnrae
608 2919 635 2967 et
656 2911 740 2966 lllmcu

273 3002 299 3041 aa
543 3025 546 3031 -
715 2997 742 3051 Ι),
767 2996 795 3049 V.

713 3081 823 3136 humilis

714 3165 874 3239 Capelianus

937 3250 1096 3306 Valentinus
1118 3250 1151 3305 de
1175 3248 1321 3304 Tetclelvcu
1343 3250 1451 3305 flector.
1523 3267 1551 3314 ο.

373 3337 446 3392 uma
471 3337 496 3390 in
520 3336 579 3409 lipo
602 3336 673 3408 patri
697 3332 723 3391 dn
745 3334 822 3390 lllmo
854 3335 969 3408 principi
998 3341 1026 3389 et
1049 3335 1105 3389 [ino
1129 3334 1184 3389 lino
1207 3333 1321 3389 differto
1345 3334 1376 3388 tt'
1399 3333 1489 3389 Sancti
1512 3333 1605 3388 Grise-

272 3423 300 3466 ³⁰
373 3422 438 3493 goni
455 3421 481 3476 S.
498 3422 546 3476 lio.
562 3420 625 3476 Eel'.
641 3420 768 3476 Prasino.
807 3418 1107 3475 CardiualiGermaniae
1122 3416 1457 3474 Primati&Saeriltom.
1496 3417 1604 3491 imperii

372 3506 490 3579 Principi
514 3505 632 3562 Electori
656 3503 682 3562 de
703 3504 815 3560 llvarniuo
839 3521 899 3558 nico
923 3503 1177 3558 iiliscrvanclissimo.

328 3805 547 3839 WITTENBERGAE.
842 3770 1073 3845 CLXXVII.
1291 3801 1359 3835 POST
1372 3803 1400 3836 1.
1415 3802 1472 3835 lVll.
1486 3801 1512 3836 A.
1529 3796 1586 3835 lato.

848 3929 971 3969 0Pr1sro
995 3927 1072 3968 vitto
1155 3953 1158 3957 >

683 4009 827 4058 DOMINO
847 4007 1012 4060 GEORGIO
1032 4006 1236 4059 SPALATINO

731 4097 884 4137 carnoso
909 4098 969 4138 svo
995 4098 1035 4139 se
1060 4096 1187 4136 nonme

700 4178 886 4258 [enisurus
908 4182 1154 4239 usssuvxurnou
1177 4177 1219 4257 s]

395 4322 486 4382 Salve,
515 4319 551 4375 rui
578 4320 717 4375 carissime
745 4319 884 4392 Spalatine
907 4362 1103 4374 .........
1148 4318 1225 4373 illitto
1247 4317 1409 4373 Erasmicam
1432 4326 1460 4372 et
1483 4318 1607 4374 llnttcni·

310 4424 367 4461 cam
397 4404 603 4480 epistolas,'nt
626 4404 723 4459 videas.
770 4404 848 4459 l'ides
875 4405 908 4460 de
938 4405 1052 4460 llartino
1080 4404 1195 4459 alterurn
1224 4403 1298 4458 oriris
1326 4403 1459 4464 universi,
1489 4402 1605 4458 alterum

875 4512 1041 4521 -—-—-———

312 4555 471 4605 chxvu.
491 4554 596 4617 Corpus
608 4552 829 4602 Reformatorem
843 4553 1116 4603 edilretsclincider.
1136 4552 1196 4600 Vol.
1210 4551 1231 4599 1.
1245 4550 1309 4599 Hal.
1324 4549 1397 4599 1834.
1410 4549 1446 4598 4⁰.
1459 4566 1485 4614 p.
1498 4549 1556 4599 262.
1565 4566 1605 4615 sq.

351 4833 356 4842 1
379 4774 389 4805 ⁰
408 4774 520 4825 libellus
539 4770 597 4837 ille]
617 4771 723 4837 dialogi
735 4772 860 4821 Fortuna
878 4778 941 4828 ete,
961 4787 997 4821 cac
1015 4771 1103 4836 paribus
1121 4770 1202 4819 Tricas
1215 4770 1340 4823 Romana
1353 4770 1550 4819 dertonensibus
1562 4772 1605 4819 nei·

311 4862 375 4908 nime
390 4863 496 4922 placere
514 4865 604 4922 potrdt.
661 4854 683 4886 ²⁰
701 4853 744 4920 tt']
763 4860 781 4907 ι’.
795 4873 818 4906 e.
831 4859 900 4906 tituli
921 4857 956 4905 Η.
973 4858 1079 4905 (ferales.

378 4942 401 4974 ³⁷
421 4944 539 4992 Hntteni
564 4943 598 4991 ad
617 4941 769 4989 Lutherum
788 4940 813 4988 d.
829 4940 853 4988 4.
868 4940 928 4988 Iun.
948 4940 1081 5004 scriptam
1101 4954 1144 5003 epi.
1159 4954 1239 5002 qnam
1259 4953 1342 5002 supra
1361 4955 1386 5001 p.
1401 4938 1459 4988 355.
1474 4954 1514 5002 sq.
1530 4939 1604 4988 exhi-

311 5030 427 5083 buimus,
440 5026 509 5077 vult.
529 5026 701 5076 Erasmicam
715 5030 809 5074 autem
823 5024 858 5073 ad
870 5023 1012 5073 albertum
1022 5025 1096 5087 Meg.
1113 5021 1246 5072 ‘nonnihil
1256 5023 1290 5072 l).
1301 5023 1414 5072 Martini
1428 5022 1544 5072 Lutheri
1558 5039 1605 5072 no-

310 5114 427 5179 gocium’
447 5115 645 5178 attingentem,
665 5110 774 5161 Lovani
793 5103 888 5159 Caleni.
901 5110 970 5159 Nor.
985 5124 1011 5158 a.
1027 5106 1100 5157 lale.
1120 5108 1266 5174 seriptum,
1288 5122 1314 5156 a.
1329 5105 1403 5157 1520.
1421 5105 1602 5174 publicatam.
