4067 6209
404 811 483 860 xrnl
891 795 1030 847 nunonis
1048 797 1209 849 ontrario.

405 987 450 1045 uis
472 985 628 1064 largiorem
653 985 741 1045 luisso
764 1003 852 1062 qnam
875 983 961 1043 bodio
985 984 1114 1044 lorarnus
1136 985 1234 1045 multis
1257 987 1397 1064 exomplis
1419 987 1514 1047 (liniri.
1561 987 1696 1065 oquiilem

406 1114 435 1172 in
460 1113 504 1172 bis
528 1131 645 1191 quoquo
668 1111 758 1171 robus
780 1130 834 1189 pro
857 1110 1000 1188 religiono
1023 1130 1086 1172 mua
1111 1121 1142 1172 ut
1165 1115 1352 1174 saort-issimu-
1370 1112 1418 1173 illo
1443 1116 1569 1174 roritatis
1585 1113 1697 1173 cultura·

405 1239 513 1317 nequid
536 1240 686 1317 indignum
710 1238 913 1298 conmitterent
942 1238 1046 1298 siulolo
1074 1241 1181 1300 strulni.
1227 1242 1319 1310 tinam
1344 1244 1373 1302 in
1402 1242 1530 1302 bistoriis
1552 1239 1697 1319 oxquioan-

405 1367 465 1431 ilis,
489 1366 517 1425 in
542 1366 604 1424 ritis
628 1365 778 1428 bominum
802 1383 855 1442 por
879 1366 940 1424 luni·
963 1367 1072 1443 scripta
1096 1376 1383 1427 rmunomoratormn
1408 1368 1535 1427 broriter
1559 1385 1697 1427 orrarrun-

405 1493 464 1561 ilis,
493 1494 522 1551 iu
549 1491 631 1577 libris
662 1493 925 1575 ‹pror·u1n3uroutiu
954 1492 1030 1551 sarta
1053 1500 1097 1552 ost
1118 1483 1309 1571 votorumquo
1330 1496 1507 1571 scriptorum
1531 1512 1596 1571 quau
1619 1493 1698 1551 arllr·

406 1625 511 1679 rnnlur
541 1617 638 1677 rorbis
660 1618 828 1677 atlurrotins
851 1619 1012 1678 imlirandis
1035 1619 1132 1680 allisio
1155 1620 1312 1698 logentium
1336 1622 1541 1698 inpedimentis
1563 1618 1697 1678 lollrmlis

405 1748 574 1826 consumpsi
604 1763 738 1823 oporam,
771 1744 934 1820 longiorum
963 1745 1115 1824 mulloqno
1142 1746 1364 1807 laboriosiorom
1395 1766 1458 1805 ram
1487 1746 1576 1806 luisse
1609 1763 1696 1822 quam

406 1890 459 1950 pro
482 1873 620 1953 tumulato
643 1871 793 1949 profectus
815 1888 938 1930 somnus
961 1870 1053 1930 luctor
1075 1874 1274 1940 austimarorit,
1304 1891 1392 1951 quem
1420 1880 1516 1931 tamon
1548 1889 1602 1948 por
1625 1889 1697 1948 qnos

405 1997 529 2058 incultas
551 2016 606 2057 noo
628 2016 696 2058 raro
720 2004 874 2074 corruptas
896 1999 982 2057 otiam
1005 1999 1064 2056 rias
1093 1998 1162 2058 mibi
1185 1987 1358 2076 sapiu'soulu
1382 1998 1610 2075 porroptmulum
1636 1997 1696 2055 luo-

405 2126 444 2184 rit
466 2144 520 2203 pro
543 2125 677 2202 {equitatu
700 2142 751 2182 sua
776 2132 913 2201 ropnlaro
937 2122 1039 2192 iubeo,
1063 2123 1270 2202 bouoqniilom
1287 2133 1421 2184 nontam
1439 2132 1593 2203 utqnmar
1610 2141 1696 2200 iliram

405 2264 437 2312 nt
464 2250 585 2311 romulos
616 2253 739 2310 oxritom
768 2249 911 2310 feliciores
939 2251 1064 2325 ingonuo
1087 2251 1241 2326 profusor:
1270 2271 1337 2311 nam
1367 2268 1468 2310 oarum
1498 2268 1616 2328 quoquo
1644 2249 1697 2308 ‹lil-

406 2378 575 2438 lloultatium
609 2395 667 2436 non
702 2375 779 2436 nulla
814 2377 964 2435 aeslimatio
997 2376 1128 2437 lociemla
1159 2385 1216 2446 ost,
1247 2378 1354 2456 quibus
1382 2379 1552 2455 lrrquontor
1575 2376 1698 2453 inpediri

407 2502 502 2563 solent
538 2506 587 2580 qni
619 2521 654 2562 ox
687 2502 805 2562 borrirla
838 2501 982 2561 librorum
1017 2501 1242 2582 libellorumque
1276 2503 1312 2563 ilo
1352 2502 1550 2580 singularibus
1585 2509 1698 2562 tautum

405 2629 491 2699 locis,
526 2630 661 2707 personis
690 2629 820 2688 rausisro
852 2628 1032 2704 scriptorum
1068 2629 1137 2689 silra
1165 2649 1216 2688 eos
1249 2631 1329 2708 ipsos
1361 2649 1467 2690 orooro
1500 2628 1555 2689 sibi
1590 2627 1697 2695 roluut,

405 2756 484 2817 omlo
505 2757 605 2815 nolitia
629 2773 728 2815 rorum
751 2756 907 2815 maximam
932 2761 1046 2832 partum
1069 2774 1122 2832 por
1144 2775 1175 2815 se
1190 2754 1410 2824 vilissimarum,
1434 2773 1490 2834 qna
1508 2764 1604 2815 tamon
1620 2773 1698 2831 aegro

405 2884 521 2961 sapiens
543 2883 644 2942 loumr-
658 2889 770 2951 oaroat,
795 2882 948 2942 commodo
971 2883 1030 2959 poti
1053 2883 1178 2960 possint,
1203 2901 1335 2963 quosque
1358 2885 1470 2943 otiarmsi
1492 2883 1541 2960 qui
1564 2884 1621 2941 sint
1638 2881 1697 2940 iuo-

405 3012 453 3069 noi
468 3009 618 3075 didiooris,
643 3010 838 3069 lrostronoarn
855 3010 1046 3088 conquironrli
1071 3027 1191 3085 oporam
1214 3008 1306 3068 dabis.
1353 3010 1450 3087 Siquis
1473 3008 1590 3068 tandem
1607 3025 1698 3085 quaro

405 3135 544 3198 Germani
572 3136 722 3212 scriptoris
751 3134 940 3213 reliquiorum
965 3138 1130 3196 Germanus
1161 3137 1255 3196 editor
1283 3155 1341 3196 uon
1371 3137 1544 3197 Gorrnaniro
1573 3130 1697 3211 scripsi·-

405 3266 461 3323 rim
484 3280 519 3322 ox
542 3280 588 3321 mo
611 3269 737 3340 qnarral,
761 3261 817 3320 bor
841 3262 946 3322 babeat
968 3281 1143 3339 rosponsnm
1165 3263 1235 3322 sibi:
1260 3264 1390 3341 qumnris
1405 3263 1475 3321 mibi
1492 3279 1608 3340 quoqne
1625 3263 1698 3320 Gor-

349 3402 351 3409 ’
405 3392 518 3451 martios
541 3407 629 3468 ipram
651 3389 750 3449 Latino
773 3388 903 3449 scribere
926 3396 1006 3450 corto
1029 3389 1140 3450 laribus
1163 3390 1262 3456 collat,
1292 3390 1452 3449 Hntlonnm
1481 3398 1579 3448 tamon
1603 3386 1697 3463 ploro-

406 3535 463 3595 quo
491 3535 543 3577 sua
566 3516 667 3575 Latino
697 3517 865 3594 scripsisse,
895 3536 991 3594 noquo
1012 3518 1089 3587 milri
1114 3516 1282 3576 latinarum
1311 3514 1474 3575 litterarum
1504 3514 1697 3592 ignorantiam

405 3643 481 3702 iuter
497 3645 686 3709 Germanicas
708 3643 814 3723 quibos
837 3644 998 3720 gloriemur
1021 3644 1104 3704 «lotos
1126 3641 1337 3702 numeramlam
1361 3641 1466 3708 rirlori3
1490 3647 1576 3718 atquo
1593 3648 1697 3698 utnon

405 3770 498 3830 doctis
520 3769 615 3830 solum
638 3772 676 3830 ita
699 3789 754 3829 noo
777 3771 930 3830 inorrulitis
953 3771 1008 3831 bor
1038 3769 1205 3847 exemplum
1234 3769 1348 3836 olluul,
1378 3785 1505 3845 quorum
1528 3759 1631 3845 siquod
1655 3772 1696 3823 ost

405 3897 649 3957 llutteuianormn
673 3896 816 3956 librorum
840 3897 1034 3966 desidorium,
1065 3899 1113 3976 qui
1137 3895 1273 3972 oxploaut
1296 3895 1374 3972 apml
1397 3912 1450 3953 nos
1472 3911 1532 3963 uon
1555 3893 1695 3952 doornnt:

405 4025 508 4085 Grooa
532 4023 634 4092 rorba,
657 4042 716 4082 non
739 4025 776 4082 ila
801 4023 981 4102 lroquontia,
1006 4023 1147 4101 ploraque
1170 4023 1232 4082 loro
1255 4023 1371 4089 nmilia,
1396 4039 1463 4081 uum
1486 4021 1561 4079 inter
1582 4026 1696 4077 nostra·

405 4159 449 4211 tes
477 4150 560 4210 mnlti
589 4151 639 4227 qui
661 4150 763 4209 Latina
791 4149 891 4226 logoro
919 4149 1085 4209 ‹lidioornnt
1113 4148 1160 4209 illa
1190 4166 1295 4226 parum
1326 4147 1508 4225 intellegant,
1538 4145 1639 4204 latino
1667 4145 1696 4202 in

405 4278 482 4338 uotis
504 4277 653 4353 ailsoripsi.
700 4275 819 4334 llnttoni
850 4278 956 4354 scripta
985 4278 1024 4335 ita
1053 4276 1142 4336 urimo
1165 4276 1236 4335 mibi
1259 4275 1414 4352 proposui,
1444 4282 1476 4334 ut
1503 4275 1579 4332 inter
1608 4290 1699 4349 puros

406 4406 594 4465 historiarum
623 4421 656 4468 ao
685 4398 847 4461 litterarum
872 4405 1113 4463 (lorumuirarnm
1143 4403 1239 4462 loutos
1261 4421 1326 4480 quau
1349 4402 1553 4479 rociporoutur
1576 4417 1629 4477 prr
1653 4417 1698 4457 mo

406 4549 464 4592 nou
487 4532 604 4607 indigna
629 4536 741 4598 ossout,
773 4536 800 4589 rt
832 4537 863 4589 ut
892 4536 962 4607 apul
991 4529 1061 4590 alias
1089 4548 1206 4607 quoquo
1230 4529 1363 4587 nationes
1385 4528 1595 4588 lluttouianmn
1619 4526 1699 4585 sitlos

405 4678 459 4720 sno
481 4658 605 4726 lumine,
636 4656 714 4734 quod
737 4655 836 4734 buglis
859 4656 921 4716 loro
944 4657 1084 4734 patrium,
1116 4655 1204 4715 Gallis
1226 4655 1370 4723 salmuro,
1400 4655 1536 4715 Ausoniis
1564 4652 1700 4730 genitibus

406 4786 487 4864 quasi
516 4804 550 4845 ox
581 4786 710 4861 ipsarum
738 4782 956 4861 antiquitatibus
984 4782 1134 4858 rolulgons
1167 4782 1334 4859 arlparobit,
1369 4781 1521 4859 splendido
1554 4779 1696 4840 rutilorot.

406 4912 561 4989 Dignatur
583 4920 695 4978 autem,
726 4912 750 4970 si
779 4911 852 4970 deus
882 4912 967 4970 vitam
998 4908 1075 4968 natm
1100 4909 1169 4969 mibi
1193 4928 1246 4969 noo
1270 4909 1334 4968 libri
1357 4909 1577 4985 rulomptorom
1600 4907 1626 4963 oi
1649 4904 1699 4963 ‹lo-

405 5045 505 5100 soront
526 5039 555 5097 in
579 5055 704 5114 quornm
728 5038 872 5097 bonorem
895 5034 1106 5114 utilitatemque
1129 5036 1307 5112 publicatur,
1332 5042 1425 5095 totum
1448 5052 1522 5112 opus
1543 5034 1570 5092 in
1587 5039 1698 5109 septum
