4067 6209
363 812 372 853 Ι,
444 757 492 827 54
600 771 727 821 xxvlrr.
758 785 880 822 uvrrrrn
892 785 929 820 1111
942 785 1106 821 11101111111111
1119 785 1154 819 nn
1168 783 1315 819 schamir
1328 783 1370 817 nr.
1385 784 1411 817 n.
1426 776 1583 819 nanclars.

444 948 552 1021 quanta
575 940 678 1001 iniuria
702 937 841 1000 molestus
856 941 914 1000 est!
936 939 1014 1018 quod
1031 939 1164 1004 homiues
1177 939 1276 1017 inepte
1291 937 1328 998 de
1343 956 1390 998 me
1405 938 1542 1007 indicant,
1566 937 1674 997 camin
1691 957 1739 997 mc

445 1042 562 1121 culpam
584 1048 716 1120 torquet:
740 1041 857 1120 quando
880 1042 957 1101 euim
979 1042 1113 1119 arrogari
1135 1042 1206 1100 mihi
1229 1041 1357 1100 divinum
1379 1033 1473 1117 poetic
1496 1058 1617 1108 nomen,
1648 1042 1739 1099 imino

445 1145 563 1224 quando
586 1162 645 1203 non
666 1149 780 1203 tantum
802 1143 839 1202 ab
862 1143 1041 1203 eiuscemodi
1063 1122 1220 1203 ¹ambitione
1242 1141 1336 1209 ablui,
1366 1150 1506 1219 quantum
1530 1140 1577 1201 ille
1599 1142 1636 1202 ab
1659 1144 1738 1201 omni

445 1264 546 1307 rerum
568 1253 597 1306 et
619 1245 820 1305 doctrinarum
843 1245 1007 1322 cognitione
1030 1244 1225 1323 sycophanta?
1252 1242 1369 1303 Placeat
1392 1244 1479 1321 igitur
1501 1243 1572 1311 sibi,
1602 1252 1633 1304 ut
1656 1243 1739 1303 valde

444 1346 554 1425 placet,
584 1364 618 1407 ao
639 1346 759 1415 iudicet,
795 1352 823 1406 et
845 1346 952 1405 haheat
973 1347 1124 1405 sententiae
1146 1344 1369 1423 adstipulatores
1390 1363 1450 1405 sure
1472 1346 1544 1404 istos
1571 1364 1641 1405 suos
1669 1361 1764 1403 ron-s

446 1446 637 1515 stabularios;
667 1466 722 1526 ego
747 1466 795 1508 mc
823 1466 858 1507 ex
886 1446 950 1507 aliis
972 1448 1068 1507 lorino
1091 1455 1119 1507 et
1141 1446 1342 1507 huiuscemodi
1369 1446 1520 1507 hominum
1549 1446 1592 1506 vel
1620 1446 1737 1506 laudem

389 1548 491 1611 nevel
513 1550 755 1626 vituperationem
777 1550 856 1610 iuxta
879 1551 1000 1611 aestimo.
1045 1548 1090 1609 Tu
1112 1548 1172 1609 sive
1193 1548 1257 1609 haec
1278 1566 1343 1626 quau
1365 1550 1448 1608 mitto
1469 1547 1564 1627 leges,
1587 1549 1646 1627 sive
1669 1567 1737 1616 non,

446 1668 542 1729 neque
564 1650 642 1710 enim
664 1651 721 1712 hoc
742 1671 821 1729 aegre
843 1653 951 1720 leram,
984 1669 1080 1729 neque
1102 1648 1172 1709 illud
1201 1667 1379 1727 magnopere
1408 1652 1508 1728 cupio,
1541 1657 1654 1708 tantum
1682 1651 1739 1710 hoc

445 1752 530 1812 stude
552 1750 658 1825 literis,
691 1772 729 1812 ne
751 1754 823 1812 istos
844 1753 945 1813 audias
967 1755 1082 1830 ineptos
1104 1770 1257 1820 censores,
1291 1753 1340 1829 qni
1362 1752 1391 1810 111
1414 1770 1447 1811 re
1469 1750 1524 1811 sihi
1552 1752 1668 1828 penitus
1695 1753 1738 1810 in·

444 1854 561 1931 cognita
590 1857 686 1931 arguti
719 1872 784 1915 esse
810 1853 924 1913 volunt:
958 1853 1030 1914 nihil
1057 1853 1167 1914 hahent
1194 1853 1287 1922 enim,
1322 1871 1380 1931 quo
1408 1853 1503 1930 possis
1531 1851 1635 1911 melior
1664 1854 1735 1913 heri.
1748 1867 1774 1907 ro

444 1954 533 2032 igitur
555 1962 697 2032 quantum
719 1956 747 2015 in
771 1954 950 2033 disponenda
972 1956 1029 2015 rita
1052 1973 1150 2015 mores
1171 1956 1213 2014 tui
1236 1962 1251 2013 a
1275 1954 1360 2033 vulgo
1383 1954 1592 2015 canonicorum
1622 1953 1737 2023 absunt,

445 2061 559 2115 tantum
592 2056 622 2115 in
654 2056 814 2117 tractandis
842 2038 946 2117 studiis
974 2057 1042 2135 luge
1069 2056 1192 2117 istorum
1221 2057 1476 2125 consuetudinem,
1510 2057 1561 2134 qui
1593 2074 1737 2133 nusquam

389 2171 437 2222 §.a
446 2155 573 2219 illiterati
595 2158 688 2236 magis
709 2165 792 2227 sunt,
815 2176 903 2237 quarn
926 2158 976 2219 ubi
999 2159 1036 2218 de
1057 2157 1149 2219 literis
1171 2165 1270 2236 agunt.
1314 2158 1375 2217 lam
1402 2158 1570 2227 decrevisti,
1601 2158 1629 2218 id
1658 2157 1738 2236 quod

447 2259 595 2337 profiteris
617 2276 723 2320 curare
744 2277 851 2329 unum,
885 2277 985 2320 sacras
1007 2261 1155 2320 orationes
1177 2268 1206 2320 et
1234 2261 1398 2327 cantiones,
1432 2278 1606 2337 mecumque
1635 2277 1738 2337 repre·

444 2359 549 2420 hendis
570 2366 628 2420 tuae
649 2362 737 2421 sortis
758 2362 907 2430 homines,
941 2362 990 2439 qui
1018 2360 1158 2440 neglectis
1186 2362 1232 2420 his
1254 2360 1361 2440 quibus
1382 2360 1488 2420 addicti
1511 2368 1593 2429 sunt,
1627 2360 1739 2421 alendis
1750 2378 1774 2417 rs

445 2462 529 2539 cquis
551 2469 579 2522 et
601 2461 723 2522 canibus
745 2480 861 2523 ornnem
885 2481 1006 2541 operam
1029 2463 1214 2542 impendunt,
1251 2462 1401 2540 plurisque
1423 2463 1533 2522 sariunt
1561 2462 1636 2523 bene
1664 2465 1739 2540 sagi·

445 2570 544 2622 natam
572 2561 733 2623 caniculam
761 2581 850 2625 unam
878 2572 929 2624 aut
954 2572 1102 2625 assuetum
1132 2565 1256 2624 sinistrae
1283 2565 1468 2641 accipitrem,
1504 2582 1591 2642 quam
1622 2583 1739 2649 omnem

405 2656 408 2662 ’
446 2665 577 2723 omniurn
600 2681 751 2724 sacrorum
775 2684 896 2726 suorum
918 2667 1073 2725 rationem.
1118 2664 1203 2734 male,
1226 2683 1280 2743 per
1302 2665 1402 2726 iidem!
1425 2683 1484 2725 non
1507 2665 1617 2726 utiliter
1632 2684 1740 2743 expen-

377 2765 521 2830 §.rcdunt
543 2766 620 2824 euim
642 2764 850 2827 demandatum
872 2766 927 2826 sibi
955 2766 1106 2827 talentum.
1146 2766 1218 2826 nihil
1245 2775 1387 2845 practerea
1415 2770 1507 2845 magis
1535 2769 1581 2827 isti
1611 2775 1740 2827 contem·

446 2873 521 2926 uunt
542 2884 630 2943 quarn
652 2865 753 2927 literas
775 2874 891 2929 etcum
915 2868 1007 2929 literis
1028 2868 1158 2928 literatos
1180 2869 1274 2945 ipsos3
1298 2876 1386 2947 atque
1407 2870 1438 2928 iu
1461 2869 1505 2928 his
1526 2869 1741 2947 persequendis
1750 2888 1776 2926 ro

446 2967 590 3047 quosdam
612 2966 699 3046 plane
720 2975 862 3049 tyrannos
882 2977 989 3048 agunt:
1011 2988 1080 3031 suas
1102 2971 1288 3040 venationes,
1313 2989 1382 3032 suas
1404 2969 1553 3041 lihidineS,
1584 2990 1651 3031 suas
1673 2989 1741 3048 per·

377 3072 655 3148 cngraecauones,
678 3090 748 3133 suos
770 3080 887 3133 ventres
908 3073 1061 3133 numinum
1083 3070 1149 3132 loco
1171 3081 1356 3134 venerantur.
1394 3074 1512 3152 quidam
1536 3081 1564 3133 et
1586 3075 1740 3150 pecuniam

446 3171 561 3242 colunt,
590 3175 675 3251 eique
697 3173 751 3233 soli
773 3191 894 3253 operam
917 3173 1001 3234 dant:
1032 3191 1158 3252 quorum
1182 3192 1257 3235 unus
1279 3166 1436 3253 Moguntlae
1457 3192 1552 3261 nuper
1580 3194 1669 3235 ansus
1697 3183 1742 3234 est

445 3274 523 3334 serio
546 3273 645 3335 dicere
666 3274 738 3335 nihil
760 3295 825 3336 esse
846 3276 980 3337 hominos
1001 3277 1065 3335 siue
1087 3277 1228 3353 pecunia,
1262 3295 1329 3337 cum
1359 3285 1457 3337 autem
1486 3278 1536 3356 qui
1564 3278 1742 3353 pecuniosus

445 3376 498 3444 sit,
527 3375 610 3437 lacile
633 3377 729 3436 omnia
753 3353 1064 3456 quaeadganimorunl
1087 3384 1297 3455 etcorporum
1321 3378 1516 3438 emolumenta
1540 3385 1608 3438 sunt
1638 3396 1777 3438 neces-rs

445 3478 536 3547 saria,
560 3478 739 3539 habiturum.
784 3478 809 3539 Ο
831 3480 1027 3562 execrandam
1049 3479 1176 3539 hominis
1205 3498 1320 3550 vocem,
1350 3500 1368 3539 o
1391 3480 1540 3541 crudelem
1563 3481 1741 3540 orationem!

447 3598 513 3641 esse
534 3599 702 3659 quenquam
725 3581 798 3642 adeo
821 3583 938 3642 avaritia
962 3589 1156 3650 excecatum,
1186 3588 1218 3643 ut
1239 3582 1383 3642 vilissimae
1405 3583 1448 3642 rei
1470 3601 1573 3642 omncs
1598 3582 1742 3642 humanas

446 3682 591 3752 actiones,
625 3685 687 3760 ipsa
719 3703 837 3763 quoque
865 3684 960 3744 officia
990 3691 1020 3744 et
1048 3684 1169 3744 virtutes
1196 3684 1384 3761 posthabeat,
1419 3686 1528 3763 quique
1558 3690 1640 3761 putet
1668 3703 1741 3745 auro

447 3784 628 3844 sanctissima
650 3786 715 3845 vitae
736 3788 837 3846 munia
859 3786 1039 3864 comparari,
1065 3785 1143 3845 haud
1166 3784 1251 3846 aliter
1272 3804 1360 3864 quam
1383 3785 1541 3864 populares
1562 3786 1633 3845 istos
1655 3784 1742 3862 vulgo

319 3912 324 3917 ·
378 3904 437 3954 cu,
448 3882 577 3954 favores,
607 3886 755 3948 clientelas
776 3908 811 3948 ao
833 3887 1018 3949 adulatorum
1041 3888 1208 3947 comitatus!
1241 3886 1334 3956 Quem
1358 3905 1413 3964 ego
1436 3905 1471 3948 eo
1498 3887 1550 3947 tuli
1580 3887 1777 3956 molestiusao

448 3986 525 4065 quod
538 3983 577 4048 'et
598 3987 698 4049 literas
719 3988 876 4068 aliquando
898 3989 997 4049 didicit
1020 3996 1049 4049 et
1070 4007 1125 4066 pro
1148 3989 1236 4048 docto
1258 3988 1399 4050 habetur:
1422 3990 1500 4049 visus
1519 3996 1563 4049 est
1578 3990 1655 4049 enirn
1671 3989 1743 4048 1111111

379 4115 438 4165 με,
448 4089 624 4150 authoritate
646 4108 698 4150 sua
722 4091 750 4150 in
774 4090 850 4151 hanc
871 4093 1044 4151 sententiam
1073 4090 1222 4152 ahducere
1250 4089 1331 4150 alios.
1383 4091 1441 4151 Sed
1469 4092 1574 4151 missos
1601 4092 1743 4152 iaciamus

446 4194 518 4253 istos
540 4200 738 4270 praeposteros
760 4193 925 4253 canonicos.
975 4198 1007 4252 tu
1038 4191 1184 4252 derelictis
1212 4193 1297 4270 nugis
1324 4211 1359 4253 ac
1385 4192 1578 4271 nugatoribus
1605 4193 1635 4252 id
1662 4193 1741 4271 quod

447 4296 533 4365 lacis,
566 4302 616 4355 tua
639 4312 694 4373 age
715 4302 838 4355 tanturn.
880 4295 995 4355 interim
1018 4294 1048 4353 in
1078 4294 1134 4354 hoo
1162 4294 1242 4354 luctu
1271 4301 1373 4354 nostro
1401 4294 1601 4355 calamitosum
1630 4313 1741 4363 senem,

309 4448 311 4451 .
377 4426 436 4477 cu.
446 4398 561 4478 quoties
583 4397 729 4465 incideris,
752 4395 913 4460 consolare.
958 4396 1000 4455 hd
1023 4402 1103 4455 tuam
1126 4396 1338 4472 prosectionem
1357 4396 1648 4475 hierosolymitanam
1672 4403 1742 4473 opto
1753 4408 1784 4448 3⁵¹

446 4500 498 4561 tibi
526 4519 644 4561 omnem
667 4498 832 4559 felicitatem
855 4506 884 4559 et
905 4516 993 4576 quam
1016 4498 1139 4557 mereris
1162 4498 1318 4559 loctunam.
1356 4496 1425 4559 Vale
1447 4498 1579 4559 lelieiter.
1617 4515 1651 4557 ex
1675 4516 1743 4557 arce

446 4609 545 4663 nostra
568 4600 793 4679 Stechelhergh‚
818 4600 952 4662 Calendis
974 4599 1105 4677 Augusti.
1440 4587 1444 4595 ’

512 4770 631 4822 ⁴rerum
650 4745 798 4823 acm..
834 4770 1098 4821 91111111811111.Α.2.
1156 4770 1212 4818 inc.
1232 4768 1339 4833 aliquid
1362 4770 1435 4820 scire
1459 4771 1549 4821 videri
1573 4767 1742 4821 voluntat.

447 4854 467 4889 ¹⁴
485 4858 632 4917 orationes,
653 4874 749 4909 sacrus
767 4875 800 4918 c.‚
821 4861 850 4906 et
868 4872 974 4906 meeum
987 4856 1055 4905 Aa.
1134 4851 1155 4884 ¹⁸
1174 4854 1253 4917 equis
1272 4856 1389 4904 acm.
1467 4854 1489 4888 ²³
1509 4856 1655 4921 eiqueuui
1674 4857 1743 4906 M.

444 4940 467 4974 ²⁵
485 4944 568 4993 onim.
588 4945 699 4994 acm.
769 4941 791 4974 ²⁹
810 4958 906 5006 comp,
926 4940 1003 4991 volut
1021 4956 1083 5006 pop.
1097 4941 1163 4989 A.2.
1223 4936 1245 4969 ³²
1264 4938 1422 4991 racimusa.
1470 4940 1492 4974 ³⁷
1510 4940 1702 5006 Steckelbcrg.
1716 4946 1743 4991 3.

900 5123 1289 5142 ᾤ’*
