<?xml version="1.0" encoding="UTF-8"?>
<!DOCTYPE html PUBLIC "-//W3C//DTD XHTML 1.0 Transitional//EN"
    "http://www.w3.org/TR/xhtml1/DTD/xhtml1-transitional.dtd">
<html xmlns="http://www.w3.org/1999/xhtml" xml:lang="en" lang="en">
 <head>
  <title>
</title>
<meta http-equiv="Content-Type" content="text/html;charset=utf-8" />
  <meta name='ocr-system' content='tesseract 3.04.00' />
  <meta name='ocr-capabilities' content='ocr_page ocr_carea ocr_par ocr_line ocrx_word'/>
</head>
<body>
  <div class='ocr_page' id='page_1' title='image "./ulrichihuttenie03huttgoog_0230.png"; bbox 0 0 4067 6209; ppageno 0'>
   <div class='ocr_carea' id='block_1_1' title="bbox 415 766 1548 837">
    <p class='ocr_par' dir='ltr' id='par_1_1' title="bbox 415 766 1548 837">
     <span class='ocr_line' id='line_1_1' title="bbox 415 766 1548 837; baseline 0.003 -8"><span class='ocrx_word' id='word_1_1' title='bbox 415 766 487 837; x_wconf 77' lang='grc'><em>100</em></span> <span class='ocrx_word' id='word_1_2' title='bbox 601 780 686 830; x_wconf 62' lang='lat' dir='ltr'><em>xxx</em></span> <span class='ocrx_word' id='word_1_3' title='bbox 705 794 1117 832; x_wconf 73' lang='lat' dir='ltr'><em>noevu.nnxou.11vnn.1na.</em></span> <span class='ocrx_word' id='word_1_4' title='bbox 1146 789 1548 833; x_wconf 65' lang='lat' dir='ltr'><em>13.nn1n.nnnnn.uon.tsts,</em></span> 
     </span>
    </p>
   </div>
   <div class='ocr_carea' id='block_1_2' title="bbox 847 1018 1275 1071">
    <p class='ocr_par' dir='ltr' id='par_1_2' title="bbox 847 1018 1275 1071">
     <span class='ocr_line' id='line_1_2' title="bbox 847 1018 1275 1071; baseline 0 -3"><span class='ocrx_word' id='word_1_5' title='bbox 847 1018 948 1069; x_wconf 77' lang='lat' dir='ltr'><em>Anno</em></span> <span class='ocrx_word' id='word_1_6' title='bbox 971 1019 1115 1070; x_wconf 85' lang='lat' dir='ltr'><em>DOMINI</em></span> <span class='ocrx_word' id='word_1_7' title='bbox 1137 1020 1275 1071; x_wconf 84' lang='lat' dir='ltr'><em>MDXVI.</em></span> 
     </span>
    </p>
   </div>
   <div class='ocr_carea' id='block_1_3' title="bbox 407 1106 1739 1779">
    <p class='ocr_par' dir='ltr' id='par_1_3' title="bbox 407 1106 1739 1779">
     <span class='ocr_line' id='line_1_3' title="bbox 500 1106 1709 1181; baseline 0.001 -17"><span class='ocrx_word' id='word_1_8' title='bbox 500 1110 609 1164; x_wconf 85' lang='lat' dir='ltr'><em>Sabina</em></span> <span class='ocrx_word' id='word_1_9' title='bbox 631 1110 752 1163; x_wconf 87' lang='lat' dir='ltr'><em>illustris</em></span> <span class='ocrx_word' id='word_1_10' title='bbox 766 1106 965 1164; x_wconf 78' lang='lat' dir='ltr'><em>Maaimitioni</em></span> <span class='ocrx_word' id='word_1_11' title='bbox 980 1108 1106 1165; x_wconf 85' lang='lat' dir='ltr'><em>Coesnris</em></span> <span class='ocrx_word' id='word_1_12' title='bbox 1128 1123 1167 1164; x_wconf 79' lang='lat' dir='ltr'><em>ea</em></span> <span class='ocrx_word' id='word_1_13' title='bbox 1189 1125 1290 1166; x_wconf 91' lang='lat' dir='ltr'><em>sorore</em></span> <span class='ocrx_word' id='word_1_14' title='bbox 1312 1112 1420 1181; x_wconf 89' lang='lat' dir='ltr'><em>neptis,</em></span> <span class='ocrx_word' id='word_1_15' title='bbox 1444 1111 1556 1167; x_wconf 63' lang='lat' dir='ltr'><em>:morti</em></span> <span class='ocrx_word' id='word_1_16' title='bbox 1570 1112 1709 1166; x_wconf 80' lang='lat' dir='ltr'><em>Banarioe</em></span> 
     </span>
     <span class='ocr_line' id='line_1_4' title="bbox 411 1193 1707 1267; baseline -0.002 -14"><span class='ocrx_word' id='word_1_17' title='bbox 411 1198 493 1253; x_wconf 83' lang='lat' dir='ltr'><em>ducis</em></span> <span class='ocrx_word' id='word_1_18' title='bbox 505 1196 582 1267; x_wconf 82' lang='lat' dir='ltr'><em>filia,</em></span> <span class='ocrx_word' id='word_1_19' title='bbox 603 1194 695 1249; x_wconf 88' lang='lat' dir='ltr'><em>lllrici</em></span> <span class='ocrx_word' id='word_1_20' title='bbox 707 1193 789 1247; x_wconf 86' lang='lat' dir='ltr'><em>ducis</em></span> <span class='ocrx_word' id='word_1_21' title='bbox 811 1193 1023 1267; x_wconf 80' lang='lat' dir='ltr'><em>lt&#39;irtemberqii</em></span> <span class='ocrx_word' id='word_1_22' title='bbox 1035 1197 1159 1261; x_wconf 76' lang='lat' dir='ltr'><em>coniux,</em></span> <span class='ocrx_word' id='word_1_23' title='bbox 1175 1212 1240 1261; x_wconf 76' lang='lat' dir='ltr'><em>cum</em></span> <span class='ocrx_word' id='word_1_24' title='bbox 1256 1195 1291 1251; x_wconf 92' lang='lat' dir='ltr'><em>ab</em></span> <span class='ocrx_word' id='word_1_25' title='bbox 1306 1197 1368 1265; x_wconf 91' lang='lat' dir='ltr'><em>ipso</em></span> <span class='ocrx_word' id='word_1_26' title='bbox 1383 1210 1457 1252; x_wconf 85' lang='lat' dir='ltr'><em>soeoe</em></span> <span class='ocrx_word' id='word_1_27' title='bbox 1472 1198 1588 1252; x_wconf 89' lang='lat' dir='ltr'><em>nimium</em></span> <span class='ocrx_word' id='word_1_28' title='bbox 1604 1203 1707 1252; x_wconf 90' lang='lat' dir='ltr'><em>contra</em></span> 
     </span>
     <span class='ocr_line' id='line_1_5' title="bbox 407 1280 1705 1355; baseline -0.002 -17"><span class='ocrx_word' id='word_1_29' title='bbox 407 1285 459 1355; x_wconf 89' lang='lat' dir='ltr'><em>pia</em></span> <span class='ocrx_word' id='word_1_30' title='bbox 474 1280 600 1351; x_wconf 77' lang='lat' dir='ltr'><em>coninqii</em></span> <span class='ocrx_word' id='word_1_31' title='bbox 613 1280 680 1333; x_wconf 87' lang='lat' dir='ltr'><em>iura</em></span> <span class='ocrx_word' id='word_1_32' title='bbox 695 1283 854 1350; x_wconf 81' lang='lat' dir='ltr'><em>contraque</em></span> <span class='ocrx_word' id='word_1_33' title='bbox 869 1281 1008 1335; x_wconf 89' lang='lat' dir='ltr'><em>natalium</em></span> <span class='ocrx_word' id='word_1_34' title='bbox 1023 1296 1142 1336; x_wconf 90' lang='lat' dir='ltr'><em>suorum</em></span> <span class='ocrx_word' id='word_1_35' title='bbox 1157 1281 1322 1352; x_wconf 82' lang='lat' dir='ltr'><em>diqnitatem</em></span> <span class='ocrx_word' id='word_1_36' title='bbox 1344 1286 1540 1349; x_wconf 74' lang='lat' dir='ltr'><em>tractaretur,</em></span> <span class='ocrx_word' id='word_1_37' title='bbox 1563 1282 1705 1337; x_wconf 88' lang='lat' dir='ltr'><em>Ianuario</em></span> 
     </span>
     <span class='ocr_line' id='line_1_6' title="bbox 410 1362 1739 1439; baseline -0.004 -16"><span class='ocrx_word' id='word_1_38' title='bbox 410 1381 506 1423; x_wconf 79' lang='lat' dir='ltr'><em>mense</em></span> <span class='ocrx_word' id='word_1_39' title='bbox 527 1366 567 1420; x_wconf 92' lang='lat' dir='ltr'><em>ad</em></span> <span class='ocrx_word' id='word_1_40' title='bbox 587 1370 708 1419; x_wconf 91' lang='lat' dir='ltr'><em>matrem</em></span> <span class='ocrx_word' id='word_1_41' title='bbox 730 1362 914 1419; x_wconf 88' lang='lat' dir='ltr'><em>Monachium</em></span> <span class='ocrx_word' id='word_1_42' title='bbox 936 1367 1037 1434; x_wconf 89' lang='lat' dir='ltr'><em>rediit,</em></span> <span class='ocrx_word' id='word_1_43' title='bbox 1065 1372 1152 1421; x_wconf 88' lang='lat' dir='ltr'><em>antea</em></span> <span class='ocrx_word' id='word_1_44' title='bbox 1181 1366 1248 1420; x_wconf 92' lang='lat' dir='ltr'><em>duci</em></span> <span class='ocrx_word' id='word_1_45' title='bbox 1266 1366 1358 1436; x_wconf 76' lang='lat' dir='ltr'><em>filium</em></span> <span class='ocrx_word' id='word_1_46' title='bbox 1379 1367 1527 1439; x_wconf 74' lang='lat' dir='ltr'><em>filiamque</em></span> <span class='ocrx_word' id='word_1_47' title='bbox 1552 1374 1703 1439; x_wconf 79' lang='lat' dir='ltr'><em>qcnuerat.</em></span> <span class='ocrx_word' id='word_1_48' title='bbox 1727 1382 1739 1418; x_wconf 72' lang='lat' dir='ltr'><em>o</em></span> 
     </span>
     <span class='ocr_line' id='line_1_7' title="bbox 413 1448 1707 1524; baseline -0.003 -15"><span class='ocrx_word' id='word_1_49' title='bbox 413 1493 522 1509; x_wconf 89' lang='grc'><strong>......</strong></span> <span class='ocrx_word' id='word_1_50' title='bbox 546 1449 724 1504; x_wconf 82' lang='lat' dir='ltr'><em>Franciscus</em></span> <span class='ocrx_word' id='word_1_51' title='bbox 746 1448 933 1521; x_wconf 77' lang='lat' dir='ltr'><em>aSiclcinqen</em></span> <span class='ocrx_word' id='word_1_52' title='bbox 956 1449 1041 1505; x_wconf 87' lang='lat' dir='ltr'><em>Innio</em></span> <span class='ocrx_word' id='word_1_53' title='bbox 1063 1465 1158 1506; x_wconf 89' lang='lat' dir='ltr'><em>mense</em></span> <span class='ocrx_word' id='word_1_54' title='bbox 1180 1467 1243 1506; x_wconf 91' lang='lat' dir='ltr'><em>cum</em></span> <span class='ocrx_word' id='word_1_55' title='bbox 1266 1468 1323 1506; x_wconf 89' lang='lat' dir='ltr'><em>non</em></span> <span class='ocrx_word' id='word_1_56' title='bbox 1341 1468 1438 1522; x_wconf 86' lang='lat' dir='ltr'><em>parva</em></span> <span class='ocrx_word' id='word_1_57' title='bbox 1459 1454 1596 1524; x_wconf 83' lang='lat' dir='ltr'><em>Equitum</em></span> <span class='ocrx_word' id='word_1_58' title='bbox 1619 1469 1707 1506; x_wconf 83' lang='lat' dir='ltr'><em>marm</em></span> 
     </span>
     <span class='ocr_line' id='line_1_8' title="bbox 409 1533 1705 1607; baseline -0.004 -12"><span class='ocrx_word' id='word_1_59' title='bbox 409 1542 473 1595; x_wconf 90' lang='lat' dir='ltr'><em>loca</em></span> <span class='ocrx_word' id='word_1_60' title='bbox 494 1537 625 1607; x_wconf 86' lang='lat' dir='ltr'><em>quoedam</em></span> <span class='ocrx_word' id='word_1_61' title='bbox 648 1535 730 1589; x_wconf 82' lang='lat' dir='ltr'><em>ducis</em></span> <span class='ocrx_word' id='word_1_62' title='bbox 751 1533 945 1606; x_wconf 76' lang='lat' dir='ltr'><em>lotharinqiee</em></span> <span class='ocrx_word' id='word_1_63' title='bbox 973 1538 1093 1592; x_wconf 81' lang='lat' dir='ltr'><em>adortus</em></span> <span class='ocrx_word' id='word_1_64' title='bbox 1120 1550 1304 1607; x_wconf 82' lang='lat' dir='ltr'><em>oppuqnare,</em></span> <span class='ocrx_word' id='word_1_65' title='bbox 1338 1552 1435 1592; x_wconf 88' lang='lat' dir='ltr'><em>arcem</em></span> <span class='ocrx_word' id='word_1_66' title='bbox 1465 1555 1551 1593; x_wconf 72' lang='lat' dir='ltr'><em>renam</em></span> <span class='ocrx_word' id='word_1_67' title='bbox 1579 1538 1705 1592; x_wconf 89' lang='lat' dir='ltr'><em>obtinuit.</em></span> 
     </span>
     <span class='ocr_line' id='line_1_9' title="bbox 409 1618 1709 1693; baseline 0 -15"><span class='ocrx_word' id='word_1_68' title='bbox 409 1622 630 1679; x_wconf 80' lang='lat' dir='ltr'><em>Macimitianus</em></span> <span class='ocrx_word' id='word_1_69' title='bbox 653 1618 752 1675; x_wconf 86' lang='lat' dir='ltr'><em>Coesar</em></span> <span class='ocrx_word' id='word_1_70' title='bbox 774 1619 934 1690; x_wconf 79' lang='lat' dir='ltr'><em>Septembri</em></span> <span class='ocrx_word' id='word_1_71' title='bbox 962 1636 1058 1677; x_wconf 86' lang='lat' dir='ltr'><em>mense</em></span> <span class='ocrx_word' id='word_1_72' title='bbox 1079 1622 1237 1693; x_wconf 80' lang='lat' dir='ltr'><em>Anqustam</em></span> <span class='ocrx_word' id='word_1_73' title='bbox 1265 1624 1394 1677; x_wconf 90' lang='lat' dir='ltr'><em>accessit.</em></span> <span class='ocrx_word' id='word_1_74' title='bbox 1441 1622 1639 1679; x_wconf 79' lang='lat' dir='ltr'><em>Convenerunt</em></span> <span class='ocrx_word' id='word_1_75' title='bbox 1669 1624 1709 1678; x_wconf 90' lang='lat' dir='ltr'><em>ad</em></span> 
     </span>
     <span class='ocr_line' id='line_1_10' title="bbox 408 1705 1706 1779; baseline -0.003 -14"><span class='ocrx_word' id='word_1_76' title='bbox 408 1710 488 1765; x_wconf 89' lang='lat' dir='ltr'><em>illum</em></span> <span class='ocrx_word' id='word_1_77' title='bbox 508 1707 610 1779; x_wconf 89' lang='lat' dir='ltr'><em>plures</em></span> <span class='ocrx_word' id='word_1_78' title='bbox 633 1705 784 1775; x_wconf 82' lang='lat' dir='ltr'><em>Episcopi,</em></span> <span class='ocrx_word' id='word_1_79' title='bbox 821 1705 986 1761; x_wconf 89' lang='lat' dir='ltr'><em>Wilhetrnus</em></span> <span class='ocrx_word' id='word_1_80' title='bbox 1008 1721 1121 1778; x_wconf 86' lang='lat' dir='ltr'><em>quoque</em></span> <span class='ocrx_word' id='word_1_81' title='bbox 1142 1706 1280 1761; x_wconf 75' lang='lat' dir='ltr'><em>Bouario:</em></span> <span class='ocrx_word' id='word_1_82' title='bbox 1301 1708 1364 1762; x_wconf 78' lang='lat' dir='ltr'><em>dua</em></span> <span class='ocrx_word' id='word_1_83' title='bbox 1391 1709 1556 1764; x_wconf 76' lang='lat' dir='ltr'><em>adolescens</em></span> <span class='ocrx_word' id='word_1_84' title='bbox 1583 1715 1612 1761; x_wconf 91' lang='lat' dir='ltr'><em>et</em></span> <span class='ocrx_word' id='word_1_85' title='bbox 1628 1707 1706 1762; x_wconf 87' lang='lat' dir='ltr'><em>Casi-</em></span> 
     </span>
    </p>
   </div>
   <div class='ocr_carea' id='block_1_4' title="bbox 295 1790 1741 1863">
    <p class='ocr_par' dir='ltr' id='par_1_4' title="bbox 295 1790 1741 1863">
     <span class='ocr_line' id='line_1_11' title="bbox 295 1790 1741 1863; baseline -0.004 -14"><span class='ocrx_word' id='word_1_86' title='bbox 295 1845 301 1856; x_wconf 80' lang='grc'>,</span> <span class='ocrx_word' id='word_1_87' title='bbox 409 1796 502 1849; x_wconf 86' lang='lat' dir='ltr'><em>mirus</em></span> <span class='ocrx_word' id='word_1_88' title='bbox 523 1791 656 1846; x_wconf 85' lang='lat' dir='ltr'><em>Marchio</em></span> <span class='ocrx_word' id='word_1_89' title='bbox 677 1806 712 1844; x_wconf 89' lang='lat' dir='ltr'><em>ae</em></span> <span class='ocrx_word' id='word_1_90' title='bbox 731 1790 863 1860; x_wconf 83' lang='lat' dir='ltr'><em>plerique</em></span> <span class='ocrx_word' id='word_1_91' title='bbox 886 1791 943 1845; x_wconf 89' lang='lat' dir='ltr'><em>alii.</em></span> <span class='ocrx_word' id='word_1_92' title='bbox 990 1791 1173 1863; x_wconf 86' lang='lat' dir='ltr'><em>Cuncqundis</em></span> <span class='ocrx_word' id='word_1_93' title='bbox 1196 1791 1320 1846; x_wconf 84' lang='lat' dir='ltr'><em>Ceesaris</em></span> <span class='ocrx_word' id='word_1_94' title='bbox 1340 1807 1424 1849; x_wconf 92' lang='lat' dir='ltr'><em>soror</em></span> <span class='ocrx_word' id='word_1_95' title='bbox 1446 1794 1604 1848; x_wconf 75' lang='lat' dir='ltr'><em>cumauro</em></span> <span class='ocrx_word' id='word_1_96' title='bbox 1634 1793 1704 1846; x_wconf 83' lang='lat' dir='ltr'><em>ll&#39;il-</em></span> <span class='ocrx_word' id='word_1_97' title='bbox 1717 1805 1741 1843; x_wconf 84' lang='lat'><em>10</em></span> 
     </span>
    </p>
   </div>
   <div class='ocr_carea' id='block_1_5' title="bbox 385 1873 1780 5187">
    <p class='ocr_par' dir='ltr' id='par_1_5' title="bbox 385 1873 1780 5187">
     <span class='ocr_line' id='line_1_12' title="bbox 409 1873 1708 1949; baseline -0.004 -14"><span class='ocrx_word' id='word_1_98' title='bbox 409 1880 501 1935; x_wconf 77' lang='lat' dir='ltr'><em>holmo</em></span> <span class='ocrx_word' id='word_1_99' title='bbox 521 1879 581 1949; x_wconf 75' lang='lat' dir='ltr'><em>filio</em></span> <span class='ocrx_word' id='word_1_100' title='bbox 603 1874 805 1944; x_wconf 78' lang='lat' dir='ltr'><em>interpellabat</em></span> <span class='ocrx_word' id='word_1_101' title='bbox 820 1873 971 1930; x_wconf 71' lang='lat' dir='ltr'><em>Censorem.</em></span> <span class='ocrx_word' id='word_1_102' title='bbox 1016 1875 1076 1932; x_wconf 87' lang='lat' dir='ltr'><em>Iste</em></span> <span class='ocrx_word' id='word_1_103' title='bbox 1094 1893 1153 1948; x_wconf 89' lang='lat' dir='ltr'><em>pro</em></span> <span class='ocrx_word' id='word_1_104' title='bbox 1168 1892 1282 1943; x_wconf 91' lang='lat' dir='ltr'><em>sorore,</em></span> <span class='ocrx_word' id='word_1_105' title='bbox 1305 1879 1354 1932; x_wconf 89' lang='lat' dir='ltr'><em>illa</em></span> <span class='ocrx_word' id='word_1_106' title='bbox 1366 1895 1424 1949; x_wconf 90' lang='lat' dir='ltr'><em>pro</em></span> <span class='ocrx_word' id='word_1_107' title='bbox 1437 1879 1513 1949; x_wconf 74' lang='lat' dir='ltr'><em>filia,</em></span> <span class='ocrx_word' id='word_1_108' title='bbox 1537 1883 1708 1931; x_wconf 82' lang='lat' dir='ltr'><em>accusantes</em></span> 
     </span>
     <span class='ocr_line' id='line_1_13' title="bbox 418 1960 1706 2035; baseline -0.004 -16"><span class='ocrx_word' id='word_1_109' title='bbox 418 1964 508 2020; x_wconf 79' lang='lat' dir='ltr'><em>Vtrici</em></span> <span class='ocrx_word' id='word_1_110' title='bbox 533 1963 615 2017; x_wconf 86' lang='lat' dir='ltr'><em>ducis</em></span> <span class='ocrx_word' id='word_1_111' title='bbox 644 1960 854 2030; x_wconf 80' lang='lat' dir='ltr'><em>Wirtcmberqii</em></span> <span class='ocrx_word' id='word_1_112' title='bbox 879 1962 1030 2029; x_wconf 75' lang='lat' dir='ltr'><em>saeviliam,</em></span> <span class='ocrx_word' id='word_1_113' title='bbox 1060 1963 1136 2033; x_wconf 89' lang='lat' dir='ltr'><em>qaod</em></span> <span class='ocrx_word' id='word_1_114' title='bbox 1164 1961 1299 2016; x_wconf 83' lang='lat' dir='ltr'><em>Sabinam</em></span> <span class='ocrx_word' id='word_1_115' title='bbox 1327 1965 1474 2035; x_wconf 76' lang='lat' dir='ltr'><em>coniuqem</em></span> <span class='ocrx_word' id='word_1_116' title='bbox 1501 1962 1706 2028; x_wconf 77' lang='lat' dir='ltr'><em>inhumaniter,</em></span> 
     </span>
     <span class='ocr_line' id='line_1_14' title="bbox 410 2045 1706 2118; baseline -0.004 -12"><span class='ocrx_word' id='word_1_117' title='bbox 410 2049 567 2107; x_wconf 85' lang='lat' dir='ltr'><em>crudeliter</em></span> <span class='ocrx_word' id='word_1_118' title='bbox 589 2063 624 2100; x_wconf 90' lang='lat' dir='ltr'><em>ac</em></span> <span class='ocrx_word' id='word_1_119' title='bbox 646 2046 758 2100; x_wconf 89' lang='lat' dir='ltr'><em>duriter</em></span> <span class='ocrx_word' id='word_1_120' title='bbox 780 2045 927 2112; x_wconf 89' lang='lat' dir='ltr'><em>habuerit,</em></span> <span class='ocrx_word' id='word_1_121' title='bbox 950 2053 978 2101; x_wconf 91' lang='lat' dir='ltr'><em>et</em></span> <span class='ocrx_word' id='word_1_122' title='bbox 999 2048 1033 2102; x_wconf 93' lang='lat' dir='ltr'><em>ob</em></span> <span class='ocrx_word' id='word_1_123' title='bbox 1054 2048 1085 2101; x_wconf 88' lang='lat' dir='ltr'><em>id</em></span> <span class='ocrx_word' id='word_1_124' title='bbox 1106 2048 1247 2101; x_wconf 85' lang='lat' dir='ltr'><em>aduersus</em></span> <span class='ocrx_word' id='word_1_125' title='bbox 1267 2048 1346 2101; x_wconf 89' lang='lat' dir='ltr'><em>illum</em></span> <span class='ocrx_word' id='word_1_126' title='bbox 1367 2049 1541 2118; x_wconf 74' lang='lat' dir='ltr'><em>expetebant</em></span> <span class='ocrx_word' id='word_1_127' title='bbox 1555 2050 1629 2102; x_wconf 88' lang='lat' dir='ltr'><em>iuris</em></span> <span class='ocrx_word' id='word_1_128' title='bbox 1643 2045 1706 2116; x_wconf 85' lang='lat' dir='ltr'><em>sus-</em></span> 
     </span>
     <span class='ocr_line' id='line_1_15' title="bbox 408 2129 1704 2208; baseline -0.003 -20"><span class='ocrx_word' id='word_1_129' title='bbox 408 2134 518 2208; x_wconf 80' lang='lat' dir='ltr'><em>sraqia.</em></span> <span class='ocrx_word' id='word_1_130' title='bbox 591 2131 751 2187; x_wconf 83' lang='lat' dir='ltr'><em>Ludooicus</em></span> <span class='ocrx_word' id='word_1_131' title='bbox 772 2132 809 2185; x_wconf 94' lang='lat' dir='ltr'><em>ab</em></span> <span class='ocrx_word' id='word_1_132' title='bbox 831 2129 941 2185; x_wconf 88' lang='lat' dir='ltr'><em>Hutten</em></span> <span class='ocrx_word' id='word_1_133' title='bbox 964 2133 1044 2187; x_wconf 90' lang='lat' dir='ltr'><em>miles</em></span> <span class='ocrx_word' id='word_1_134' title='bbox 1066 2140 1190 2187; x_wconf 88' lang='lat' dir='ltr'><em>auratus</em></span> <span class='ocrx_word' id='word_1_135' title='bbox 1217 2137 1245 2185; x_wconf 92' lang='lat' dir='ltr'><em>et</em></span> <span class='ocrx_word' id='word_1_136' title='bbox 1272 2133 1333 2203; x_wconf 88' lang='lat' dir='ltr'><em>ipse</em></span> <span class='ocrx_word' id='word_1_137' title='bbox 1361 2134 1579 2204; x_wconf 79' lang='lat' dir='ltr'><em>tt&#39;irtemberqii</em></span> <span class='ocrx_word' id='word_1_138' title='bbox 1605 2134 1704 2187; x_wconf 88' lang='lat' dir='ltr'><em>durem</em></span> 
     </span>
     <span class='ocr_line' id='line_1_16' title="bbox 410 2214 1740 2288; baseline -0.001 -11"><span class='ocrx_word' id='word_1_139' title='bbox 410 2218 539 2277; x_wconf 88' lang='lat' dir='ltr'><em>criminis</em></span> <span class='ocrx_word' id='word_1_140' title='bbox 562 2216 733 2283; x_wconf 87' lang='lat' dir='ltr'><em>accusabat,</em></span> <span class='ocrx_word' id='word_1_141' title='bbox 757 2216 834 2287; x_wconf 94' lang='lat' dir='ltr'><em>quod</em></span> <span class='ocrx_word' id='word_1_142' title='bbox 848 2214 986 2271; x_wconf 87' lang='lat' dir='ltr'><em>Ioannem</em></span> <span class='ocrx_word' id='word_1_143' title='bbox 1002 2219 1038 2272; x_wconf 91' lang='lat' dir='ltr'><em>ab</em></span> <span class='ocrx_word' id='word_1_144' title='bbox 1053 2215 1162 2271; x_wconf 86' lang='lat' dir='ltr'><em>Hutten</em></span> <span class='ocrx_word' id='word_1_145' title='bbox 1176 2217 1283 2288; x_wconf 81' lang='lat' dir='ltr'><em>filium,</em></span> <span class='ocrx_word' id='word_1_146' title='bbox 1308 2219 1399 2273; x_wconf 83' lang='lat' dir='ltr'><em>virum</em></span> <span class='ocrx_word' id='word_1_147' title='bbox 1414 2220 1580 2284; x_wconf 79' lang='lat' dir='ltr'><em>inmanium,</em></span> <span class='ocrx_word' id='word_1_148' title='bbox 1603 2223 1704 2273; x_wconf 87' lang='lat' dir='ltr'><em>contra</em></span> <span class='ocrx_word' id='word_1_149' title='bbox 1717 2236 1740 2275; x_wconf 76' lang='lat' dir='ltr'><em>io</em></span> 
     </span>
     <span class='ocr_line' id='line_1_17' title="bbox 408 2302 1707 2379; baseline -0.004 -18"><span class='ocrx_word' id='word_1_150' title='bbox 408 2304 459 2379; x_wconf 75' lang='lat' dir='ltr'><em>sas</em></span> <span class='ocrx_word' id='word_1_151' title='bbox 481 2317 563 2359; x_wconf 87' lang='lat' dir='ltr'><em>omne</em></span> <span class='ocrx_word' id='word_1_152' title='bbox 584 2304 686 2372; x_wconf 87' lang='lat' dir='ltr'><em>iusque</em></span> <span class='ocrx_word' id='word_1_153' title='bbox 707 2302 973 2372; x_wconf 87' lang='lat' dir='ltr'><em>crudeliteratque</em></span> <span class='ocrx_word' id='word_1_154' title='bbox 995 2303 1147 2374; x_wconf 75' lang='lat' dir='ltr'><em>tyrannice</em></span> <span class='ocrx_word' id='word_1_155' title='bbox 1168 2302 1349 2374; x_wconf 78' lang='lat' dir='ltr'><em>inquiererit.</em></span> <span class='ocrx_word' id='word_1_156' title='bbox 1394 2302 1491 2358; x_wconf 86' lang='lat' dir='ltr'><em>Huius</em></span> <span class='ocrx_word' id='word_1_157' title='bbox 1513 2312 1571 2358; x_wconf 81' lang='lat' dir='ltr'><em>tam</em></span> <span class='ocrx_word' id='word_1_158' title='bbox 1600 2304 1707 2357; x_wconf 85' lang='lat' dir='ltr'><em>atrocis</em></span> 
     </span>
     <span class='ocr_line' id='line_1_18' title="bbox 407 2387 1708 2463; baseline -0.004 -18"><span class='ocrx_word' id='word_1_159' title='bbox 407 2389 484 2463; x_wconf 77' lang='lat' dir='ltr'><em>sacti</em></span> <span class='ocrx_word' id='word_1_160' title='bbox 504 2388 699 2457; x_wconf 87' lang='lat' dir='ltr'><em>horrendique</em></span> <span class='ocrx_word' id='word_1_161' title='bbox 726 2387 844 2440; x_wconf 88' lang='lat' dir='ltr'><em>sceleris</em></span> <span class='ocrx_word' id='word_1_162' title='bbox 870 2387 991 2441; x_wconf 84' lang='lat' dir='ltr'><em>iudicem</em></span> <span class='ocrx_word' id='word_1_163' title='bbox 1014 2387 1156 2442; x_wconf 87' lang='lat' dir='ltr'><em>Caesarem</em></span> <span class='ocrx_word' id='word_1_164' title='bbox 1179 2388 1340 2443; x_wconf 77' lang='lat' dir='ltr'><em>ludovicus</em></span> <span class='ocrx_word' id='word_1_165' title='bbox 1366 2390 1531 2460; x_wconf 84' lang='lat' dir='ltr'><em>irrequietis</em></span> <span class='ocrx_word' id='word_1_166' title='bbox 1552 2391 1653 2459; x_wconf 90' lang='lat' dir='ltr'><em>pulsat</em></span> <span class='ocrx_word' id='word_1_167' title='bbox 1680 2394 1708 2440; x_wconf 88' lang='lat' dir='ltr'><em>et</em></span> 
     </span>
     <span class='ocr_line' id='line_1_19' title="bbox 410 2472 1708 2538; baseline -0.006 -6"><span class='ocrx_word' id='word_1_168' title='bbox 410 2476 537 2531; x_wconf 86' lang='lat' dir='ltr'><em>delassat</em></span> <span class='ocrx_word' id='word_1_169' title='bbox 560 2472 687 2538; x_wconf 86' lang='lat' dir='ltr'><em>uocibus,</em></span> <span class='ocrx_word' id='word_1_170' title='bbox 717 2477 748 2524; x_wconf 92' lang='lat' dir='ltr'><em>ut</em></span> <span class='ocrx_word' id='word_1_171' title='bbox 770 2472 903 2525; x_wconf 88' lang='lat' dir='ltr'><em>ultionem</em></span> <span class='ocrx_word' id='word_1_172' title='bbox 926 2472 959 2525; x_wconf 91' lang='lat' dir='ltr'><em>de</em></span> <span class='ocrx_word' id='word_1_173' title='bbox 988 2472 1131 2526; x_wconf 79' lang='lat' dir='ltr'><em>homicida</em></span> <span class='ocrx_word' id='word_1_174' title='bbox 1159 2477 1277 2526; x_wconf 89' lang='lat' dir='ltr'><em>statuat.</em></span> <span class='ocrx_word' id='word_1_175' title='bbox 1322 2473 1418 2528; x_wconf 87' lang='lat' dir='ltr'><em>Erant</em></span> <span class='ocrx_word' id='word_1_176' title='bbox 1446 2480 1513 2529; x_wconf 92' lang='lat' dir='ltr'><em>tunc</em></span> <span class='ocrx_word' id='word_1_177' title='bbox 1540 2476 1569 2528; x_wconf 93' lang='lat' dir='ltr'><em>in</em></span> <span class='ocrx_word' id='word_1_178' title='bbox 1597 2474 1708 2527; x_wconf 81' lang='lat' dir='ltr'><em>statiuis</em></span> 
     </span>
     <span class='ocr_line' id='line_1_20' title="bbox 410 2555 1705 2634; baseline -0.004 -19"><span class='ocrx_word' id='word_1_179' title='bbox 410 2560 491 2631; x_wconf 86' lang='lat' dir='ltr'><em>apud</em></span> <span class='ocrx_word' id='word_1_180' title='bbox 512 2557 706 2626; x_wconf 82' lang='lat' dir='ltr'><em>Wemdinqam</em></span> <span class='ocrx_word' id='word_1_181' title='bbox 730 2555 803 2634; x_wconf 85' lang='lat' dir='ltr'><em>mille</em></span> <span class='ocrx_word' id='word_1_182' title='bbox 826 2570 861 2608; x_wconf 89' lang='lat' dir='ltr'><em>ac</em></span> <span class='ocrx_word' id='word_1_183' title='bbox 882 2556 999 2611; x_wconf 89' lang='lat' dir='ltr'><em>ducenti</em></span> <span class='ocrx_word' id='word_1_184' title='bbox 1018 2558 1128 2627; x_wconf 86' lang='lat' dir='ltr'><em>equites</em></span> <span class='ocrx_word' id='word_1_185' title='bbox 1142 2557 1294 2618; x_wconf 87' lang='lat' dir='ltr'><em>adnutum</em></span> <span class='ocrx_word' id='word_1_186' title='bbox 1311 2557 1435 2613; x_wconf 74' lang='lat' dir='ltr'><em>Censoris</em></span> <span class='ocrx_word' id='word_1_187' title='bbox 1450 2564 1551 2614; x_wconf 86' lang='lat' dir='ltr'><em>contra</em></span> <span class='ocrx_word' id='word_1_188' title='bbox 1574 2559 1705 2613; x_wconf 85' lang='lat' dir='ltr'><em>Wirtem-</em></span> 
     </span>
     <span class='ocr_line' id='line_1_21' title="bbox 410 2638 1743 2716; baseline 0.002 -16"><span class='ocrx_word' id='word_1_189' title='bbox 410 2645 538 2715; x_wconf 82' lang='lat' dir='ltr'><em>berqium</em></span> <span class='ocrx_word' id='word_1_190' title='bbox 555 2658 614 2712; x_wconf 90' lang='lat' dir='ltr'><em>pro</em></span> <span class='ocrx_word' id='word_1_191' title='bbox 638 2640 745 2694; x_wconf 87' lang='lat' dir='ltr'><em>Sabina</em></span> <span class='ocrx_word' id='word_1_192' title='bbox 768 2644 853 2710; x_wconf 88' lang='lat' dir='ltr'><em>nepte</em></span> <span class='ocrx_word' id='word_1_193' title='bbox 875 2638 999 2695; x_wconf 76' lang='lat' dir='ltr'><em>Otesaris</em></span> <span class='ocrx_word' id='word_1_194' title='bbox 1020 2656 1136 2713; x_wconf 90' lang='lat' dir='ltr'><em>proque</em></span> <span class='ocrx_word' id='word_1_195' title='bbox 1158 2641 1301 2697; x_wconf 87' lang='lat' dir='ltr'><em>Ludooiro</em></span> <span class='ocrx_word' id='word_1_196' title='bbox 1324 2646 1489 2716; x_wconf 81' lang='lat' dir='ltr'><em>puqnaturi</em></span> <span class='ocrx_word' id='word_1_197' title='bbox 1515 2645 1743 2713; x_wconf 77' lang='lat' dir='ltr'><em>exacturiqneno</em></span> 
     </span>
     <span class='ocr_line' id='line_1_22' title="bbox 410 2725 1706 2800; baseline -0.002 -16"><span class='ocrx_word' id='word_1_198' title='bbox 410 2729 574 2785; x_wconf 84' lang='lat' dir='ltr'><em>uindictam.</em></span> <span class='ocrx_word' id='word_1_199' title='bbox 620 2727 656 2779; x_wconf 88' lang='lat' dir='ltr'><em>At</em></span> <span class='ocrx_word' id='word_1_200' title='bbox 678 2725 778 2780; x_wconf 86' lang='lat' dir='ltr'><em>Gallus</em></span> <span class='ocrx_word' id='word_1_201' title='bbox 799 2725 1003 2781; x_wconf 88' lang='lat' dir='ltr'><em>remorabatur</em></span> <span class='ocrx_word' id='word_1_202' title='bbox 1024 2741 1076 2781; x_wconf 92' lang='lat' dir='ltr'><em>suo</em></span> <span class='ocrx_word' id='word_1_203' title='bbox 1098 2728 1259 2782; x_wconf 80' lang='lat' dir='ltr'><em>interventu</em></span> <span class='ocrx_word' id='word_1_204' title='bbox 1277 2730 1442 2800; x_wconf 87' lang='lat' dir='ltr'><em>principes,</em></span> <span class='ocrx_word' id='word_1_205' title='bbox 1470 2729 1551 2783; x_wconf 90' lang='lat' dir='ltr'><em>haud</em></span> <span class='ocrx_word' id='word_1_206' title='bbox 1570 2730 1642 2783; x_wconf 85' lang='lat' dir='ltr'><em>satis</em></span> <span class='ocrx_word' id='word_1_207' title='bbox 1663 2730 1706 2782; x_wconf 91' lang='lat' dir='ltr'><em>iu-</em></span> 
     </span>
     <span class='ocr_line' id='line_1_23' title="bbox 410 2807 1708 2885; baseline -0.004 -14"><span class='ocrx_word' id='word_1_208' title='bbox 410 2820 485 2871; x_wconf 81' lang='lat' dir='ltr'><em>stum</em></span> <span class='ocrx_word' id='word_1_209' title='bbox 507 2814 567 2867; x_wconf 89' lang='lat' dir='ltr'><em>rati</em></span> <span class='ocrx_word' id='word_1_210' title='bbox 583 2825 748 2882; x_wconf 68' lang='lat' dir='ltr'><em>parumque</em></span> <span class='ocrx_word' id='word_1_211' title='bbox 771 2807 946 2866; x_wconf 77' lang='lat' dir='ltr'><em>Christicolis</em></span> <span class='ocrx_word' id='word_1_212' title='bbox 967 2812 1134 2877; x_wconf 81' lang='lat' dir='ltr'><em>conuenire,</em></span> <span class='ocrx_word' id='word_1_213' title='bbox 1158 2818 1190 2865; x_wconf 89' lang='lat' dir='ltr'><em>nt</em></span> <span class='ocrx_word' id='word_1_214' title='bbox 1208 2829 1264 2883; x_wconf 94' lang='lat' dir='ltr'><em>pro</em></span> <span class='ocrx_word' id='word_1_215' title='bbox 1285 2815 1371 2868; x_wconf 74' lang='lat' dir='ltr'><em>caroius</em></span> <span class='ocrx_word' id='word_1_216' title='bbox 1385 2815 1486 2870; x_wconf 90' lang='lat' dir='ltr'><em>delicto</em></span> <span class='ocrx_word' id='word_1_217' title='bbox 1496 2815 1633 2885; x_wconf 86' lang='lat' dir='ltr'><em>plurimi,</em></span> <span class='ocrx_word' id='word_1_218' title='bbox 1657 2817 1708 2866; x_wconf 89' lang='lat' dir='ltr'><em>out</em></span> 
     </span>
     <span class='ocr_line' id='line_1_24' title="bbox 407 2893 1707 2978; baseline -0.003 -23"><span class='ocrx_word' id='word_1_219' title='bbox 407 2915 466 2972; x_wconf 90' lang='lat' dir='ltr'><em>pro</em></span> <span class='ocrx_word' id='word_1_220' title='bbox 486 2898 629 2978; x_wconf 87' lang='lat' dir='ltr'><em>principis</em></span> <span class='ocrx_word' id='word_1_221' title='bbox 650 2912 686 2950; x_wconf 92' lang='lat' dir='ltr'><em>ac</em></span> <span class='ocrx_word' id='word_1_222' title='bbox 707 2896 790 2951; x_wconf 88' lang='lat' dir='ltr'><em>ducis</em></span> <span class='ocrx_word' id='word_1_223' title='bbox 808 2893 944 2966; x_wconf 71' lang='lat' dir='ltr'><em>facinore</em></span> <span class='ocrx_word' id='word_1_224' title='bbox 968 2898 1120 2966; x_wconf 78' lang='lat' dir='ltr'><em>provincio</em></span> <span class='ocrx_word' id='word_1_225' title='bbox 1148 2901 1206 2951; x_wconf 89' lang='lat' dir='ltr'><em>tota</em></span> <span class='ocrx_word' id='word_1_226' title='bbox 1234 2904 1363 2953; x_wconf 84' lang='lat' dir='ltr'><em>vastetur</em></span> <span class='ocrx_word' id='word_1_227' title='bbox 1384 2906 1412 2953; x_wconf 94' lang='lat' dir='ltr'><em>et</em></span> <span class='ocrx_word' id='word_1_228' title='bbox 1436 2915 1507 2970; x_wconf 88' lang='lat' dir='ltr'><em>qens</em></span> <span class='ocrx_word' id='word_1_229' title='bbox 1534 2901 1624 2954; x_wconf 88' lang='lat' dir='ltr'><em>omnis</em></span> <span class='ocrx_word' id='word_1_230' title='bbox 1650 2900 1707 2953; x_wconf 94' lang='lat' dir='ltr'><em>dis-</em></span> 
     </span>
     <span class='ocr_line' id='line_1_25' title="bbox 406 2981 1705 3056; baseline -0.003 -18"><span class='ocrx_word' id='word_1_231' title='bbox 406 2988 521 3056; x_wconf 87' lang='lat' dir='ltr'><em>pereat.</em></span> <span class='ocrx_word' id='word_1_232' title='bbox 565 2981 656 3037; x_wconf 88' lang='lat' dir='ltr'><em>Multo</em></span> <span class='ocrx_word' id='word_1_233' title='bbox 678 2981 849 3036; x_wconf 86' lang='lat' dir='ltr'><em>desudatum</em></span> <span class='ocrx_word' id='word_1_234' title='bbox 871 2987 913 3035; x_wconf 89' lang='lat' dir='ltr'><em>cst</em></span> <span class='ocrx_word' id='word_1_235' title='bbox 935 2981 1049 3050; x_wconf 88' lang='lat' dir='ltr'><em>labore,</em></span> <span class='ocrx_word' id='word_1_236' title='bbox 1082 2983 1110 3035; x_wconf 87' lang='lat' dir='ltr'><em>si</em></span> <span class='ocrx_word' id='word_1_237' title='bbox 1130 2996 1178 3036; x_wconf 90' lang='lat' dir='ltr'><em>res</em></span> <span class='ocrx_word' id='word_1_238' title='bbox 1194 2990 1316 3052; x_wconf 87' lang='lat' dir='ltr'><em>possent</em></span> <span class='ocrx_word' id='word_1_239' title='bbox 1342 2985 1418 3039; x_wconf 86' lang='lat' dir='ltr'><em>citra</em></span> <span class='ocrx_word' id='word_1_240' title='bbox 1445 2985 1547 3040; x_wconf 87' lang='lat' dir='ltr'><em>bellum</em></span> <span class='ocrx_word' id='word_1_241' title='bbox 1575 2983 1705 3055; x_wconf 77' lang='lat' dir='ltr'><em>transiqi.</em></span> 
     </span>
     <span class='ocr_line' id='line_1_26' title="bbox 411 3066 1741 3140; baseline -0.004 -15"><span class='ocrx_word' id='word_1_242' title='bbox 411 3068 470 3125; x_wconf 87' lang='lat' dir='ltr'><em>Sed</em></span> <span class='ocrx_word' id='word_1_243' title='bbox 490 3067 583 3123; x_wconf 84' lang='lat' dir='ltr'><em>maior</em></span> <span class='ocrx_word' id='word_1_244' title='bbox 604 3072 669 3121; x_wconf 91' lang='lat' dir='ltr'><em>erat</em></span> <span class='ocrx_word' id='word_1_245' title='bbox 689 3067 864 3121; x_wconf 89' lang='lat' dir='ltr'><em>iniuriarum</em></span> <span class='ocrx_word' id='word_1_246' title='bbox 887 3066 973 3121; x_wconf 88' lang='lat' dir='ltr'><em>moles</em></span> <span class='ocrx_word' id='word_1_247' title='bbox 994 3072 1023 3121; x_wconf 89' lang='lat' dir='ltr'><em>et</em></span> <span class='ocrx_word' id='word_1_248' title='bbox 1042 3068 1162 3138; x_wconf 75' lang='lat' dir='ltr'><em>pravius</em></span> <span class='ocrx_word' id='word_1_249' title='bbox 1183 3067 1351 3138; x_wconf 80' lang='lat' dir='ltr'><em>offensionis</em></span> <span class='ocrx_word' id='word_1_250' title='bbox 1371 3084 1492 3137; x_wconf 71' lang='lat' dir='ltr'><em>saccum,</em></span> <span class='ocrx_word' id='word_1_251' title='bbox 1520 3086 1607 3140; x_wconf 88' lang='lat' dir='ltr'><em>quom</em></span> <span class='ocrx_word' id='word_1_252' title='bbox 1630 3068 1741 3139; x_wconf 66' lang='lat' dir='ltr'><em>quodn</em></span> 
     </span>
     <span class='ocr_line' id='line_1_27' title="bbox 410 3151 1707 3225; baseline -0.005 -14"><span class='ocrx_word' id='word_1_253' title='bbox 410 3155 455 3211; x_wconf 87' lang='lat' dir='ltr'><em>oel</em></span> <span class='ocrx_word' id='word_1_254' title='bbox 471 3154 639 3225; x_wconf 88' lang='lat' dir='ltr'><em>principum</em></span> <span class='ocrx_word' id='word_1_255' title='bbox 661 3153 778 3207; x_wconf 87' lang='lat' dir='ltr'><em>lacertis</em></span> <span class='ocrx_word' id='word_1_256' title='bbox 805 3152 914 3205; x_wconf 85' lang='lat' dir='ltr'><em>moueri</em></span> <span class='ocrx_word' id='word_1_257' title='bbox 939 3151 1086 3223; x_wconf 86' lang='lat' dir='ltr'><em>levarique</em></span> <span class='ocrx_word' id='word_1_258' title='bbox 1112 3158 1218 3223; x_wconf 88' lang='lat' dir='ltr'><em>posset.</em></span> <span class='ocrx_word' id='word_1_259' title='bbox 1262 3152 1340 3209; x_wconf 87' lang='lat' dir='ltr'><em>Hinc</em></span> <span class='ocrx_word' id='word_1_260' title='bbox 1367 3156 1431 3210; x_wconf 80' lang='lat' dir='ltr'><em>dua</em></span> <span class='ocrx_word' id='word_1_261' title='bbox 1460 3153 1574 3210; x_wconf 79' lang='lat' dir='ltr'><em>Vtricus</em></span> <span class='ocrx_word' id='word_1_262' title='bbox 1601 3156 1707 3209; x_wconf 87' lang='lat' dir='ltr'><em>citatus</em></span> 
     </span>
     <span class='ocr_line' id='line_1_28' title="bbox 410 3234 1780 3310; baseline -0.004 -14"><span class='ocrx_word' id='word_1_263' title='bbox 410 3245 601 3310; x_wconf 85' lang='lat' dir='ltr'><em>evocatusqne</em></span> <span class='ocrx_word' id='word_1_264' title='bbox 629 3244 686 3304; x_wconf 88' lang='lat' dir='ltr'><em>est,</em></span> <span class='ocrx_word' id='word_1_265' title='bbox 715 3242 747 3292; x_wconf 91' lang='lat' dir='ltr'><em>ut</em></span> <span class='ocrx_word' id='word_1_266' title='bbox 773 3236 855 3308; x_wconf 89' lang='lat' dir='ltr'><em>apud</em></span> <span class='ocrx_word' id='word_1_267' title='bbox 876 3234 1020 3291; x_wconf 85' lang='lat' dir='ltr'><em>Coesarem</em></span> <span class='ocrx_word' id='word_1_268' title='bbox 1048 3252 1166 3304; x_wconf 80' lang='lat' dir='ltr'><em>causam</em></span> <span class='ocrx_word' id='word_1_269' title='bbox 1194 3239 1303 3293; x_wconf 90' lang='lat' dir='ltr'><em>diceret</em></span> <span class='ocrx_word' id='word_1_270' title='bbox 1330 3245 1365 3293; x_wconf 92' lang='lat' dir='ltr'><em>et·</em></span> <span class='ocrx_word' id='word_1_271' title='bbox 1383 3242 1493 3295; x_wconf 87' lang='lat' dir='ltr'><em>elueret</em></span> <span class='ocrx_word' id='word_1_272' title='bbox 1518 3240 1626 3295; x_wconf 87' lang='lat' dir='ltr'><em>obiecta</em></span> <span class='ocrx_word' id='word_1_273' title='bbox 1649 3239 1706 3293; x_wconf 91' lang='lat' dir='ltr'><em>cri·</em></span> <span class='ocrx_word' id='word_1_274' title='bbox 1772 3277 1780 3286; x_wconf 81' lang='grc'><em>.</em></span> 
     </span>
     <span class='ocr_line' id='line_1_29' title="bbox 385 3321 1706 3394; baseline -0.004 -13"><span class='ocrx_word' id='word_1_275' title='bbox 385 3327 497 3381; x_wconf 86' lang='lat' dir='ltr'><em>¹mina.</em></span> <span class='ocrx_word' id='word_1_276' title='bbox 542 3324 614 3379; x_wconf 82' lang='lat' dir='ltr'><em>Dux</em></span> <span class='ocrx_word' id='word_1_277' title='bbox 636 3323 712 3394; x_wconf 91' lang='lat' dir='ltr'><em>quod</em></span> <span class='ocrx_word' id='word_1_278' title='bbox 732 3322 787 3376; x_wconf 90' lang='lat' dir='ltr'><em>sibi</em></span> <span class='ocrx_word' id='word_1_279' title='bbox 806 3322 887 3376; x_wconf 90' lang='lat' dir='ltr'><em>haud</em></span> <span class='ocrx_word' id='word_1_280' title='bbox 908 3326 986 3376; x_wconf 89' lang='lat' dir='ltr'><em>tutas</em></span> <span class='ocrx_word' id='word_1_281' title='bbox 1015 3322 1055 3377; x_wconf 92' lang='lat' dir='ltr'><em>ad</em></span> <span class='ocrx_word' id='word_1_282' title='bbox 1077 3321 1219 3378; x_wconf 68' lang='lat' dir='ltr'><em>Caesarem</em></span> <span class='ocrx_word' id='word_1_283' title='bbox 1246 3324 1393 3380; x_wconf 81' lang='lat' dir='ltr'><em>videretur</em></span> <span class='ocrx_word' id='word_1_284' title='bbox 1420 3339 1568 3393; x_wconf 87' lang='lat' dir='ltr'><em>accessus,</em></span> <span class='ocrx_word' id='word_1_285' title='bbox 1602 3338 1706 3379; x_wconf 90' lang='lat' dir='ltr'><em>cansa-</em></span> 
     </span>
     <span class='ocr_line' id='line_1_30' title="bbox 409 3399 1709 3481; baseline -0.004 -15"><span class='ocrx_word' id='word_1_286' title='bbox 409 3399 504 3467; x_wconf 85' lang='lat' dir='ltr'><em>batur.</em></span> <span class='ocrx_word' id='word_1_287' title='bbox 549 3408 659 3463; x_wconf 86' lang='lat' dir='ltr'><em>Deinde</em></span> <span class='ocrx_word' id='word_1_288' title='bbox 681 3407 755 3462; x_wconf 89' lang='lat' dir='ltr'><em>misit</em></span> <span class='ocrx_word' id='word_1_289' title='bbox 775 3408 849 3462; x_wconf 89' lang='lat' dir='ltr'><em>iuris</em></span> <span class='ocrx_word' id='word_1_290' title='bbox 870 3407 1045 3475; x_wconf 90' lang='lat' dir='ltr'><em>consultum,</em></span> <span class='ocrx_word' id='word_1_291' title='bbox 1068 3410 1116 3462; x_wconf 89' lang='lat' dir='ltr'><em>cui</em></span> <span class='ocrx_word' id='word_1_292' title='bbox 1136 3424 1291 3479; x_wconf 81' lang='lat' dir='ltr'><em>coqnomen</em></span> <span class='ocrx_word' id='word_1_293' title='bbox 1313 3409 1497 3480; x_wconf 80' lang='lat' dir='ltr'><em>lamparter,</em></span> <span class='ocrx_word' id='word_1_294' title='bbox 1520 3411 1570 3481; x_wconf 91' lang='lat' dir='ltr'><em>qui</em></span> <span class='ocrx_word' id='word_1_295' title='bbox 1583 3410 1624 3464; x_wconf 92' lang='lat' dir='ltr'><em>itli</em></span> <span class='ocrx_word' id='word_1_296' title='bbox 1642 3414 1709 3463; x_wconf 89' lang='lat' dir='ltr'><em>erat</em></span> 
     </span>
     <span class='ocr_line' id='line_1_31' title="bbox 411 3492 1741 3563; baseline -0.004 -11"><span class='ocrx_word' id='word_1_297' title='bbox 411 3513 429 3552; x_wconf 95' lang='lat' dir='ltr'><em>a</em></span> <span class='ocrx_word' id='word_1_298' title='bbox 451 3496 590 3560; x_wconf 89' lang='lat' dir='ltr'><em>consiliis,</em></span> <span class='ocrx_word' id='word_1_299' title='bbox 614 3500 644 3548; x_wconf 91' lang='lat' dir='ltr'><em>ut</em></span> <span class='ocrx_word' id='word_1_300' title='bbox 666 3507 785 3548; x_wconf 89' lang='lat' dir='ltr'><em>causam</em></span> <span class='ocrx_word' id='word_1_301' title='bbox 808 3492 911 3563; x_wconf 90' lang='lat' dir='ltr'><em>quibus</em></span> <span class='ocrx_word' id='word_1_302' title='bbox 929 3493 1028 3562; x_wconf 80' lang='lat' dir='ltr'><em>posset</em></span> <span class='ocrx_word' id='word_1_303' title='bbox 1049 3494 1164 3548; x_wconf 88' lang='lat' dir='ltr'><em>dicendi</em></span> <span class='ocrx_word' id='word_1_304' title='bbox 1184 3495 1291 3549; x_wconf 83' lang='lat' dir='ltr'><em>viribus</em></span> <span class='ocrx_word' id='word_1_305' title='bbox 1313 3500 1452 3550; x_wconf 85' lang='lat' dir='ltr'><em>tueretur.</em></span> <span class='ocrx_word' id='word_1_306' title='bbox 1497 3492 1529 3549; x_wconf 87' lang='lat' dir='ltr'><em>Is</em></span> <span class='ocrx_word' id='word_1_307' title='bbox 1552 3496 1628 3550; x_wconf 87' lang='lat' dir='ltr'><em>inter</em></span> <span class='ocrx_word' id='word_1_308' title='bbox 1648 3495 1741 3557; x_wconf 64' lang='lat' dir='ltr'><em>nliaao</em></span> 
     </span>
     <span class='ocr_line' id='line_1_32' title="bbox 410 3577 1706 3654; baseline -0.004 -17"><span class='ocrx_word' id='word_1_309' title='bbox 410 3597 475 3654; x_wconf 81' lang='lat' dir='ltr'><em>quae</em></span> <span class='ocrx_word' id='word_1_310' title='bbox 494 3597 550 3652; x_wconf 88' lang='lat' dir='ltr'><em>pro</em></span> <span class='ocrx_word' id='word_1_311' title='bbox 572 3581 644 3635; x_wconf 87' lang='lat' dir='ltr'><em>duce</em></span> <span class='ocrx_word' id='word_1_312' title='bbox 666 3578 813 3649; x_wconf 75' lang='lat' dir='ltr'><em>erpiando</em></span> <span class='ocrx_word' id='word_1_313' title='bbox 835 3577 1002 3632; x_wconf 90' lang='lat' dir='ltr'><em>obtendebat</em></span> <span class='ocrx_word' id='word_1_314' title='bbox 1020 3580 1147 3648; x_wconf 91' lang='lat' dir='ltr'><em>plurimo</em></span> <span class='ocrx_word' id='word_1_315' title='bbox 1170 3580 1322 3649; x_wconf 89' lang='lat' dir='ltr'><em>molimine,</em></span> <span class='ocrx_word' id='word_1_316' title='bbox 1354 3580 1497 3636; x_wconf 87' lang='lat' dir='ltr'><em>Wilhelmi</em></span> <span class='ocrx_word' id='word_1_317' title='bbox 1517 3581 1598 3636; x_wconf 75' lang='lat' dir='ltr'><em>discis</em></span> <span class='ocrx_word' id='word_1_318' title='bbox 1612 3579 1706 3634; x_wconf 67' lang='lat' dir='ltr'><em>liuni-</em></span> 
     </span>
     <span class='ocr_line' id='line_1_33' title="bbox 409 3661 1708 3740; baseline -0.004 -18"><span class='ocrx_word' id='word_1_319' title='bbox 409 3668 570 3740; x_wconf 78' lang='lat' dir='ltr'><em>qundisque</em></span> <span class='ocrx_word' id='word_1_320' title='bbox 592 3666 694 3719; x_wconf 87' lang='lat' dir='ltr'><em>matris</em></span> <span class='ocrx_word' id='word_1_321' title='bbox 722 3664 862 3719; x_wconf 81' lang='lat' dir='ltr'><em>adsersus</em></span> <span class='ocrx_word' id='word_1_322' title='bbox 891 3662 1092 3735; x_wconf 83' lang='lat' dir='ltr'><em>ll&#39;irternberqi</em></span> <span class='ocrx_word' id='word_1_323' title='bbox 1114 3665 1277 3738; x_wconf 86' lang='lat' dir='ltr'><em>principem</em></span> <span class='ocrx_word' id='word_1_324' title='bbox 1306 3661 1489 3736; x_wconf 87' lang='lat' dir='ltr'><em>supplicatus</em></span> <span class='ocrx_word' id='word_1_325' title='bbox 1515 3671 1543 3719; x_wconf 91' lang='lat' dir='ltr'><em>et</em></span> <span class='ocrx_word' id='word_1_326' title='bbox 1572 3665 1708 3720; x_wconf 85' lang='lat' dir='ltr'><em>ardentes</em></span> 
     </span>
     <span class='ocr_line' id='line_1_34' title="bbox 410 3749 1708 3825; baseline -0.004 -18"><span class='ocrx_word' id='word_1_327' title='bbox 410 3752 605 3825; x_wconf 87' lang='lat' dir='ltr'><em>querimonias</em></span> <span class='ocrx_word' id='word_1_328' title='bbox 627 3751 729 3804; x_wconf 88' lang='lat' dir='ltr'><em>irritus</em></span> <span class='ocrx_word' id='word_1_329' title='bbox 750 3754 778 3803; x_wconf 92' lang='lat' dir='ltr'><em>et</em></span> <span class='ocrx_word' id='word_1_330' title='bbox 799 3762 918 3803; x_wconf 83' lang='lat' dir='ltr'><em>enerves</em></span> <span class='ocrx_word' id='word_1_331' title='bbox 940 3749 1085 3804; x_wconf 88' lang='lat' dir='ltr'><em>nitebatur</em></span> <span class='ocrx_word' id='word_1_332' title='bbox 1107 3755 1255 3818; x_wconf 86' lang='lat' dir='ltr'><em>astruere,</em></span> <span class='ocrx_word' id='word_1_333' title='bbox 1279 3753 1356 3821; x_wconf 90' lang='lat' dir='ltr'><em>quod</em></span> <span class='ocrx_word' id='word_1_334' title='bbox 1375 3752 1421 3806; x_wconf 91' lang='lat' dir='ltr'><em>ille</em></span> <span class='ocrx_word' id='word_1_335' title='bbox 1440 3767 1507 3822; x_wconf 80' lang='lat' dir='ltr'><em>pra</em></span> <span class='ocrx_word' id='word_1_336' title='bbox 1521 3756 1619 3816; x_wconf 81' lang='lat' dir='ltr'><em>celate,</em></span> <span class='ocrx_word' id='word_1_337' title='bbox 1643 3764 1708 3821; x_wconf 84' lang='lat' dir='ltr'><em>quce</em></span> 
     </span>
     <span class='ocr_line' id='line_1_35' title="bbox 409 3835 1706 3906; baseline -0.005 -12"><span class='ocrx_word' id='word_1_338' title='bbox 409 3837 453 3894; x_wconf 86' lang='lat' dir='ltr'><em>itli</em></span> <span class='ocrx_word' id='word_1_339' title='bbox 473 3839 566 3893; x_wconf 90' lang='lat' dir='ltr'><em>minor</em></span> <span class='ocrx_word' id='word_1_340' title='bbox 588 3843 667 3904; x_wconf 89' lang='lat' dir='ltr'><em>erat,</em></span> <span class='ocrx_word' id='word_1_341' title='bbox 690 3840 717 3890; x_wconf 90' lang='lat' dir='ltr'><em>et</em></span> <span class='ocrx_word' id='word_1_342' title='bbox 738 3835 854 3890; x_wconf 91' lang='lat' dir='ltr'><em>ducissa</em></span> <span class='ocrx_word' id='word_1_343' title='bbox 877 3838 970 3887; x_wconf 91' lang='lat' dir='ltr'><em>mater</em></span> <span class='ocrx_word' id='word_1_344' title='bbox 988 3839 1112 3906; x_wconf 88' lang='lat' dir='ltr'><em>propter</em></span> <span class='ocrx_word' id='word_1_345' title='bbox 1133 3849 1236 3890; x_wconf 77' lang='lat' dir='ltr'><em>senum</em></span> <span class='ocrx_word' id='word_1_346' title='bbox 1259 3837 1298 3890; x_wconf 89' lang='lat' dir='ltr'><em>ad</em></span> <span class='ocrx_word' id='word_1_347' title='bbox 1317 3836 1481 3891; x_wconf 88' lang='lat' dir='ltr'><em>huiusmodi</em></span> <span class='ocrx_word' id='word_1_348' title='bbox 1495 3837 1634 3891; x_wconf 90' lang='lat' dir='ltr'><em>actionem</em></span> <span class='ocrx_word' id='word_1_349' title='bbox 1650 3851 1706 3889; x_wconf 88' lang='lat' dir='ltr'><em>non</em></span> 
     </span>
     <span class='ocr_line' id='line_1_36' title="bbox 411 3918 1743 3993; baseline -0.005 -16"><span class='ocrx_word' id='word_1_350' title='bbox 411 3929 506 3978; x_wconf 85' lang='lat' dir='ltr'><em>essent</em></span> <span class='ocrx_word' id='word_1_351' title='bbox 526 3923 629 3977; x_wconf 89' lang='lat' dir='ltr'><em>idonei.</em></span> <span class='ocrx_word' id='word_1_352' title='bbox 674 3918 732 3974; x_wconf 88' lang='lat' dir='ltr'><em>Sed</em></span> <span class='ocrx_word' id='word_1_353' title='bbox 752 3920 845 3974; x_wconf 86' lang='lat' dir='ltr'><em>vicere</em></span> <span class='ocrx_word' id='word_1_354' title='bbox 867 3933 965 3972; x_wconf 91' lang='lat' dir='ltr'><em>eorum</em></span> <span class='ocrx_word' id='word_1_355' title='bbox 990 3937 1047 3989; x_wconf 89' lang='lat' dir='ltr'><em>pro</em></span> <span class='ocrx_word' id='word_1_356' title='bbox 1069 3918 1194 3974; x_wconf 87' lang='lat' dir='ltr'><em>Ducissa</em></span> <span class='ocrx_word' id='word_1_357' title='bbox 1216 3918 1325 3975; x_wconf 87' lang='lat' dir='ltr'><em>Sabina</em></span> <span class='ocrx_word' id='word_1_358' title='bbox 1352 3923 1482 3993; x_wconf 83' lang='lat' dir='ltr'><em>querula</em></span> <span class='ocrx_word' id='word_1_359' title='bbox 1511 3935 1606 3987; x_wconf 85' lang='lat' dir='ltr'><em>noces,</em></span> <span class='ocrx_word' id='word_1_360' title='bbox 1641 3921 1743 3975; x_wconf 79' lang='lat' dir='ltr'><em>vicitss</em></span> 
     </span>
     <span class='ocr_line' id='line_1_37' title="bbox 410 4003 1710 4079; baseline -0.002 -18"><span class='ocrx_word' id='word_1_361' title='bbox 410 4007 548 4075; x_wconf 80' lang='lat' dir='ltr'><em>Ludooici</em></span> <span class='ocrx_word' id='word_1_362' title='bbox 568 4007 664 4061; x_wconf 89' lang='lat' dir='ltr'><em>militis</em></span> <span class='ocrx_word' id='word_1_363' title='bbox 681 4019 740 4076; x_wconf 93' lang='lat' dir='ltr'><em>pro</em></span> <span class='ocrx_word' id='word_1_364' title='bbox 757 4009 917 4074; x_wconf 88' lang='lat' dir='ltr'><em>pernecato</em></span> <span class='ocrx_word' id='word_1_365' title='bbox 937 4003 998 4073; x_wconf 74' lang='lat' dir='ltr'><em>filio</em></span> <span class='ocrx_word' id='word_1_366' title='bbox 1020 4006 1167 4061; x_wconf 89' lang='lat' dir='ltr'><em>luctuosus</em></span> <span class='ocrx_word' id='word_1_367' title='bbox 1188 4008 1275 4062; x_wconf 90' lang='lat' dir='ltr'><em>simul</em></span> <span class='ocrx_word' id='word_1_368' title='bbox 1300 4013 1327 4062; x_wconf 92' lang='lat' dir='ltr'><em>et</em></span> <span class='ocrx_word' id='word_1_369' title='bbox 1354 4005 1518 4079; x_wconf 83' lang='lat' dir='ltr'><em>indefessus</em></span> <span class='ocrx_word' id='word_1_370' title='bbox 1545 4006 1654 4060; x_wconf 88' lang='lat' dir='ltr'><em>clamor</em></span> <span class='ocrx_word' id='word_1_371' title='bbox 1681 4010 1710 4059; x_wconf 94' lang='lat' dir='ltr'><em>et</em></span> 
     </span>
     <span class='ocr_line' id='line_1_38' title="bbox 410 4086 1708 4166; baseline -0.001 -20"><span class='ocrx_word' id='word_1_372' title='bbox 410 4092 556 4147; x_wconf 87' lang='lat' dir='ltr'><em>instantia.</em></span> <span class='ocrx_word' id='word_1_373' title='bbox 602 4090 675 4146; x_wconf 80' lang='lat' dir='ltr'><em>Huc</em></span> <span class='ocrx_word' id='word_1_374' title='bbox 703 4090 790 4160; x_wconf 87' lang='lat' dir='ltr'><em>iqitur</em></span> <span class='ocrx_word' id='word_1_375' title='bbox 816 4093 919 4143; x_wconf 89' lang='lat' dir='ltr'><em>contra</em></span> <span class='ocrx_word' id='word_1_376' title='bbox 948 4086 1076 4146; x_wconf 78' lang='lat' dir='ltr'><em>l&#39;tricum</em></span> <span class='ocrx_word' id='word_1_377' title='bbox 1094 4090 1307 4166; x_wconf 16' lang='lat' dir='ltr'><em>&#39;Wirtemberqi</em></span> <span class='ocrx_word' id='word_1_378' title='bbox 1333 4089 1442 4159; x_wconf 66' lang='lat' dir='ltr'><em>ducer&#39;n,</em></span> <span class='ocrx_word' id='word_1_379' title='bbox 1462 4091 1591 4148; x_wconf 89' lang='lat' dir='ltr'><em>Octobris</em></span> <span class='ocrx_word' id='word_1_380' title='bbox 1618 4091 1708 4145; x_wconf 86' lang='lat' dir='ltr'><em>unde·</em></span> 
     </span>
     <span class='ocr_line' id='line_1_39' title="bbox 409 4165 1027 4245; baseline -0.003 -13"><span class='ocrx_word' id='word_1_381' title='bbox 409 4177 485 4232; x_wconf 84' lang='lat' dir='ltr'><em>eima</em></span> <span class='ocrx_word' id='word_1_382' title='bbox 506 4178 551 4232; x_wconf 90' lang='lat' dir='ltr'><em>die</em></span> <span class='ocrx_word' id='word_1_383' title='bbox 572 4165 784 4245; x_wconf 77' lang='lat' dir='ltr'><em>latalectaque</em></span> <span class='ocrx_word' id='word_1_384' title='bbox 806 4179 848 4229; x_wconf 88' lang='lat' dir='ltr'><em>est</em></span> <span class='ocrx_word' id='word_1_385' title='bbox 868 4177 1027 4230; x_wconf 88' lang='lat' dir='ltr'><em>sententia:</em></span> 
     </span>
     <span class='ocr_line' id='line_1_40' title="bbox 454 4253 1716 4335; baseline -0.003 -17"><span class='ocrx_word' id='word_1_386' title='bbox 454 4262 489 4319; x_wconf 84' lang='lat' dir='ltr'><em>ln</em></span> <span class='ocrx_word' id='word_1_387' title='bbox 512 4263 588 4317; x_wconf 85' lang='lat' dir='ltr'><em>deun</em></span> <span class='ocrx_word' id='word_1_388' title='bbox 611 4260 796 4316; x_wconf 84' lang='lat' dir='ltr'><em>Rechtlichen</em></span> <span class='ocrx_word' id='word_1_389' title='bbox 818 4257 965 4329; x_wconf 84' lang='lat' dir='ltr'><em>Irrnuqen</em></span> <span class='ocrx_word' id='word_1_390' title='bbox 988 4261 1050 4316; x_wconf 92' lang='lat' dir='ltr'><em>und</em></span> <span class='ocrx_word' id='word_1_391' title='bbox 1072 4258 1209 4331; x_wconf 85' lang='lat' dir='ltr'><em>Spiinnen</em></span> <span class='ocrx_word' id='word_1_392' title='bbox 1233 4262 1374 4318; x_wconf 75' lang='lat' dir='ltr'><em>zuischen</em></span> <span class='ocrx_word' id='word_1_393' title='bbox 1389 4262 1543 4335; x_wconf 79' lang='lat' dir='ltr'><em>Lndroiqcn</em></span> <span class='ocrx_word' id='word_1_394' title='bbox 1564 4278 1615 4317; x_wconf 88' lang='lat' dir='ltr'><em>oon</em></span> <span class='ocrx_word' id='word_1_395' title='bbox 1632 4253 1716 4315; x_wconf 55' lang='lat' dir='ltr'><em>Hut?</em></span> 
     </span>
     <span class='ocr_line' id='line_1_41' title="bbox 454 4336 1743 4419; baseline -0.001 -14"><span class='ocrx_word' id='word_1_396' title='bbox 454 4356 500 4405; x_wconf 89' lang='lat' dir='ltr'><em>ten</em></span> <span class='ocrx_word' id='word_1_397' title='bbox 523 4347 665 4419; x_wconf 81' lang='lat' dir='ltr'><em>anhloqer</em></span> <span class='ocrx_word' id='word_1_398' title='bbox 686 4362 724 4399; x_wconf 89' lang='lat' dir='ltr'><em>an</em></span> <span class='ocrx_word' id='word_1_399' title='bbox 752 4345 860 4410; x_wconf 78' lang='lat' dir='ltr'><em>crinem,</em></span> <span class='ocrx_word' id='word_1_400' title='bbox 895 4345 970 4399; x_wconf 89' lang='lat' dir='ltr'><em>auch</em></span> <span class='ocrx_word' id='word_1_401' title='bbox 999 4346 1052 4400; x_wconf 90' lang='lat' dir='ltr'><em>der</em></span> <span class='ocrx_word' id='word_1_402' title='bbox 1073 4347 1196 4401; x_wconf 76' lang='lat' dir='ltr'><em>Anioald</em></span> <span class='ocrx_word' id='word_1_403' title='bbox 1217 4336 1341 4403; x_wconf 78' lang='lat' dir='ltr'><em>Framen</em></span> <span class='ocrx_word' id='word_1_404' title='bbox 1364 4346 1471 4403; x_wconf 88' lang='lat' dir='ltr'><em>Sabina</em></span> <span class='ocrx_word' id='word_1_405' title='bbox 1496 4347 1642 4418; x_wconf 81' lang='lat' dir='ltr'><em>Herzoqin</em></span> <span class='ocrx_word' id='word_1_406' title='bbox 1670 4362 1743 4403; x_wconf 78' lang='lat' dir='ltr'><em>zuio</em></span> 
     </span>
     <span class='ocr_line' id='line_1_42' title="bbox 461 4429 1707 4505; baseline -0.005 -15"><span class='ocrx_word' id='word_1_407' title='bbox 461 4434 659 4503; x_wconf 81' lang='lat' dir='ltr'><em>Wtirternberq</em></span> <span class='ocrx_word' id='word_1_408' title='bbox 680 4433 794 4502; x_wconf 79' lang='lat' dir='ltr'><em>clnqere</em></span> <span class='ocrx_word' id='word_1_409' title='bbox 817 4447 863 4483; x_wconf 89' lang='lat' dir='ltr'><em>am</em></span> <span class='ocrx_word' id='word_1_410' title='bbox 885 4429 998 4485; x_wconf 89' lang='lat' dir='ltr'><em>andern</em></span> <span class='ocrx_word' id='word_1_411' title='bbox 1023 4430 1122 4499; x_wconf 83' lang='lat' dir='ltr'><em>Thait,</em></span> <span class='ocrx_word' id='word_1_412' title='bbox 1146 4433 1208 4488; x_wconf 76' lang='lat' dir='ltr'><em>tend</em></span> <span class='ocrx_word' id='word_1_413' title='bbox 1221 4431 1338 4505; x_wconf 80' lang='lat' dir='ltr'><em>Herzoq</em></span> <span class='ocrx_word' id='word_1_414' title='bbox 1358 4432 1491 4489; x_wconf 86' lang='lat' dir='ltr'><em>Ulrichcn</em></span> <span class='ocrx_word' id='word_1_415' title='bbox 1513 4449 1550 4487; x_wconf 83' lang='lat' dir='ltr'><em>zu</em></span> <span class='ocrx_word' id='word_1_416' title='bbox 1574 4432 1707 4487; x_wconf 86' lang='lat' dir='ltr'><em>Wiirten·</em></span> 
     </span>
     <span class='ocr_line' id='line_1_43' title="bbox 453 4515 1707 4591; baseline -0.005 -15"><span class='ocrx_word' id='word_1_417' title='bbox 453 4521 522 4591; x_wconf 79' lang='lat' dir='ltr'><em>berq</em></span> <span class='ocrx_word' id='word_1_418' title='bbox 544 4523 702 4573; x_wconf 73' lang='lat' dir='ltr'><em>aretinorter</em></span> <span class='ocrx_word' id='word_1_419' title='bbox 723 4533 770 4587; x_wconf 81' lang='lat' dir='ltr'><em>qm</em></span> <span class='ocrx_word' id='word_1_420' title='bbox 793 4516 899 4570; x_wconf 87' lang='lat' dir='ltr'><em>dritten</em></span> <span class='ocrx_word' id='word_1_421' title='bbox 926 4515 1009 4570; x_wconf 89' lang='lat' dir='ltr'><em>Thait</em></span> <span class='ocrx_word' id='word_1_422' title='bbox 1029 4516 1123 4572; x_wconf 89' lang='lat' dir='ltr'><em>haben</em></span> <span class='ocrx_word' id='word_1_423' title='bbox 1144 4519 1198 4572; x_wconf 82' lang='lat' dir='ltr'><em>mir</em></span> <span class='ocrx_word' id='word_1_424' title='bbox 1220 4519 1264 4572; x_wconf 86' lang='lat' dir='ltr'><em>als</em></span> <span class='ocrx_word' id='word_1_425' title='bbox 1278 4519 1425 4573; x_wconf 80' lang='lat' dir='ltr'><em>Ermiilter</em></span> <span class='ocrx_word' id='word_1_426' title='bbox 1441 4517 1611 4573; x_wconf 87' lang='lat' dir='ltr'><em>Rb&#39;mischer</em></span> <span class='ocrx_word' id='word_1_427' title='bbox 1626 4517 1707 4588; x_wconf 78' lang='lat' dir='ltr'><em>Kay-</em></span> 
     </span>
     <span class='ocr_line' id='line_1_44' title="bbox 453 4600 1708 4674; baseline -0.006 -12"><span class='ocrx_word' id='word_1_428' title='bbox 453 4620 502 4663; x_wconf 90' lang='lat' dir='ltr'><em>ser</em></span> <span class='ocrx_word' id='word_1_429' title='bbox 524 4605 585 4660; x_wconf 90' lang='lat' dir='ltr'><em>und</em></span> <span class='ocrx_word' id='word_1_430' title='bbox 605 4603 791 4674; x_wconf 81' lang='lat' dir='ltr'><em>reqiercnder</em></span> <span class='ocrx_word' id='word_1_431' title='bbox 806 4600 977 4656; x_wconf 84' lang='lat' dir='ltr'><em>llbmischer</em></span> <span class='ocrx_word' id='word_1_432' title='bbox 991 4601 1024 4657; x_wconf 87' lang='lat' dir='ltr'><em>K</em></span> <span class='ocrx_word' id='word_1_433' title='bbox 1023 4605 1090 4674; x_wconf 79' lang='lat' dir='ltr'><em>amq</em></span> <span class='ocrx_word' id='word_1_434' title='bbox 1105 4603 1167 4658; x_wconf 89' lang='lat' dir='ltr'><em>und</em></span> <span class='ocrx_word' id='word_1_435' title='bbox 1186 4603 1265 4658; x_wconf 89' lang='lat' dir='ltr'><em>diser</em></span> <span class='ocrx_word' id='word_1_436' title='bbox 1280 4602 1395 4658; x_wconf 87' lang='lat' dir='ltr'><em>Sachcn</em></span> <span class='ocrx_word' id='word_1_437' title='bbox 1410 4603 1604 4658; x_wconf 87' lang='lat' dir='ltr'><em>ordentlicher</em></span> <span class='ocrx_word' id='word_1_438' title='bbox 1619 4601 1708 4655; x_wconf 83' lang='lat' dir='ltr'><em>llich-</em></span> 
     </span>
     <span class='ocr_line' id='line_1_45' title="bbox 455 4687 1710 4762; baseline -0.005 -16"><span class='ocrx_word' id='word_1_439' title='bbox 455 4697 499 4747; x_wconf 88' lang='lat' dir='ltr'><em>ter</em></span> <span class='ocrx_word' id='word_1_440' title='bbox 521 4688 580 4762; x_wconf 69' lang='lat' dir='ltr'><em>aas⁴</em></span> <span class='ocrx_word' id='word_1_441' title='bbox 596 4692 641 4746; x_wconf 88' lang='lat' dir='ltr'><em>die</em></span> <span class='ocrx_word' id='word_1_442' title='bbox 664 4702 831 4760; x_wconf 85' lang='lat' dir='ltr'><em>ousqauqen</em></span> <span class='ocrx_word' id='word_1_443' title='bbox 853 4688 914 4744; x_wconf 89' lang='lat' dir='ltr'><em>und</em></span> <span class='ocrx_word' id='word_1_444' title='bbox 935 4687 1095 4744; x_wconf 86' lang='lat' dir='ltr'><em>verhunten</em></span> <span class='ocrx_word' id='word_1_445' title='bbox 1118 4688 1256 4761; x_wconf 82' lang='lat' dir='ltr'><em>Ladanqe</em></span> <span class='ocrx_word' id='word_1_446' title='bbox 1278 4688 1500 4761; x_wconf 81' lang='lat' dir='ltr'><em>einqebraclrten</em></span> <span class='ocrx_word' id='word_1_447' title='bbox 1522 4689 1626 4759; x_wconf 79' lang='lat' dir='ltr'><em>andaq</em></span> <span class='ocrx_word' id='word_1_448' title='bbox 1649 4687 1710 4741; x_wconf 76' lang='lat' dir='ltr'><em>rand</em></span> 
     </span>
     <span class='ocr_line' id='line_1_46' title="bbox 455 4772 1743 4848; baseline -0.002 -16"><span class='ocrx_word' id='word_1_449' title='bbox 455 4778 555 4848; x_wconf 80' lang='lat' dir='ltr'><em>cluqen</em></span> <span class='ocrx_word' id='word_1_450' title='bbox 582 4774 787 4847; x_wconf 78' lang='lat' dir='ltr'><em>porichtlirlren</em></span> <span class='ocrx_word' id='word_1_451' title='bbox 814 4772 963 4844; x_wconf 82' lang='lat' dir='ltr'><em>berueffen</em></span> <span class='ocrx_word' id='word_1_452' title='bbox 992 4775 1054 4828; x_wconf 88' lang='lat' dir='ltr'><em>und</em></span> <span class='ocrx_word' id='word_1_453' title='bbox 1080 4775 1130 4829; x_wconf 90' lang='lat' dir='ltr'><em>des</em></span> <span class='ocrx_word' id='word_1_454' title='bbox 1158 4790 1211 4828; x_wconf 87' lang='lat' dir='ltr'><em>von</em></span> <span class='ocrx_word' id='word_1_455' title='bbox 1247 4774 1428 4845; x_wconf 79' lang='lat' dir='ltr'><em>Wirtenberq</em></span> <span class='ocrx_word' id='word_1_456' title='bbox 1454 4776 1496 4828; x_wconf 88' lang='lat' dir='ltr'><em>nit</em></span> <span class='ocrx_word' id='word_1_457' title='bbox 1528 4772 1743 4837; x_wconf 73' lang='lat' dir='ltr'><em>erscheinen,n</em></span> 
     </span>
     <span class='ocr_line' id='line_1_47' title="bbox 454 4856 1708 4932; baseline -0.005 -15"><span class='ocrx_word' id='word_1_458' title='bbox 454 4860 530 4917; x_wconf 89' lang='lat' dir='ltr'><em>auch</em></span> <span class='ocrx_word' id='word_1_459' title='bbox 552 4860 699 4916; x_wconf 85' lang='lat' dir='ltr'><em>derselben</em></span> <span class='ocrx_word' id='word_1_460' title='bbox 722 4858 913 4929; x_wconf 76' lang='lat' dir='ltr'><em>antclaqenten</em></span> <span class='ocrx_word' id='word_1_461' title='bbox 936 4860 997 4913; x_wconf 75' lang='lat' dir='ltr'><em>urorl</em></span> <span class='ocrx_word' id='word_1_462' title='bbox 1017 4858 1170 4932; x_wconf 86' lang='lat' dir='ltr'><em>hlaqenten</em></span> <span class='ocrx_word' id='word_1_463' title='bbox 1185 4858 1351 4930; x_wconf 82' lang='lat' dir='ltr'><em>Parthcqcn</em></span> <span class='ocrx_word' id='word_1_464' title='bbox 1375 4873 1477 4915; x_wconf 87' lang='lat' dir='ltr'><em>oerrer</em></span> <span class='ocrx_word' id='word_1_465' title='bbox 1498 4860 1528 4912; x_wconf 89' lang='lat' dir='ltr'><em>in</em></span> <span class='ocrx_word' id='word_1_466' title='bbox 1545 4856 1639 4912; x_wconf 87' lang='lat' dir='ltr'><em>llccht</em></span> <span class='ocrx_word' id='word_1_467' title='bbox 1657 4873 1708 4911; x_wconf 88' lang='lat' dir='ltr'><em>an·</em></span> 
     </span>
     <span class='ocr_line' id='line_1_48' title="bbox 454 4942 1709 5017; baseline -0.004 -16"><span class='ocrx_word' id='word_1_468' title='bbox 454 4945 569 5016; x_wconf 82' lang='lat' dir='ltr'><em>rueffen</em></span> <span class='ocrx_word' id='word_1_469' title='bbox 598 4947 659 5001; x_wconf 75' lang='lat' dir='ltr'><em>urtd</em></span> <span class='ocrx_word' id='word_1_470' title='bbox 685 4946 790 5017; x_wconf 78' lang='lat' dir='ltr'><em>heqer-n</em></span> <span class='ocrx_word' id='word_1_471' title='bbox 819 4946 880 4999; x_wconf 91' lang='lat' dir='ltr'><em>nnd</em></span> <span class='ocrx_word' id='word_1_472' title='bbox 900 4945 1011 4999; x_wconf 75' lang='lat' dir='ltr'><em>dienen</em></span> <span class='ocrx_word' id='word_1_473' title='bbox 1031 4958 1065 4999; x_wconf 88' lang='lat' dir='ltr'><em>er</em></span> <span class='ocrx_word' id='word_1_474' title='bbox 1086 4944 1160 4998; x_wconf 89' lang='lat' dir='ltr'><em>selbs</em></span> <span class='ocrx_word' id='word_1_475' title='bbox 1183 4960 1235 4997; x_wconf 88' lang='lat' dir='ltr'><em>von</em></span> <span class='ocrx_word' id='word_1_476' title='bbox 1266 4944 1476 5015; x_wconf 77' lang='lat' dir='ltr'><em>Wiirttemberq</em></span> <span class='ocrx_word' id='word_1_477' title='bbox 1498 4944 1554 4997; x_wconf 90' lang='lat' dir='ltr'><em>alle</em></span> <span class='ocrx_word' id='word_1_478' title='bbox 1577 4942 1709 5014; x_wconf 88' lang='lat' dir='ltr'><em>qietliche</em></span> 
     </span>
     <span class='ocr_line' id='line_1_49' title="bbox 455 5025 1710 5100; baseline -0.004 -14"><span class='ocrx_word' id='word_1_479' title='bbox 455 5030 583 5088; x_wconf 86' lang='lat' dir='ltr'><em>zimliche</em></span> <span class='ocrx_word' id='word_1_480' title='bbox 606 5032 707 5098; x_wconf 88' lang='lat' dir='ltr'><em>mittet,</em></span> <span class='ocrx_word' id='word_1_481' title='bbox 734 5031 780 5085; x_wconf 90' lang='lat' dir='ltr'><em>die</em></span> <span class='ocrx_word' id='word_1_482' title='bbox 802 5029 856 5083; x_wconf 88' lang='lat' dir='ltr'><em>roir</em></span> <span class='ocrx_word' id='word_1_483' title='bbox 878 5029 952 5083; x_wconf 89' lang='lat' dir='ltr'><em>ihme</em></span> <span class='ocrx_word' id='word_1_484' title='bbox 974 5029 1027 5100; x_wconf 81' lang='lat' dir='ltr'><em>beq</em></span> <span class='ocrx_word' id='word_1_485' title='bbox 1056 5027 1124 5084; x_wconf 88' lang='lat' dir='ltr'><em>acht</em></span> <span class='ocrx_word' id='word_1_486' title='bbox 1150 5027 1212 5082; x_wconf 74' lang='lat' dir='ltr'><em>sind</em></span> <span class='ocrx_word' id='word_1_487' title='bbox 1239 5028 1378 5084; x_wconf 86' lang='lat' dir='ltr'><em>aberachl</em></span> <span class='ocrx_word' id='word_1_488' title='bbox 1399 5027 1491 5100; x_wconf 81' lang='lat' dir='ltr'><em>Krieq</em></span> <span class='ocrx_word' id='word_1_489' title='bbox 1513 5029 1575 5083; x_wconf 74' lang='lat' dir='ltr'><em>itud</em></span> <span class='ocrx_word' id='word_1_490' title='bbox 1599 5025 1710 5099; x_wconf 80' lang='lat' dir='ltr'><em>aufrur</em></span> 
     </span>
     <span class='ocr_line' id='line_1_50' title="bbox 455 5108 1711 5187; baseline -0.003 -17"><span class='ocrx_word' id='word_1_491' title='bbox 455 5108 650 5173; x_wconf 83' lang='lat' dir='ltr'><em>zuberhietten</em></span> <span class='ocrx_word' id='word_1_492' title='bbox 673 5128 848 5171; x_wconf 86' lang='lat' dir='ltr'><em>anzenemen</em></span> <span class='ocrx_word' id='word_1_493' title='bbox 868 5114 1013 5187; x_wconf 83' lang='lat' dir='ltr'><em>qebotten‚</em></span> <span class='ocrx_word' id='word_1_494' title='bbox 1043 5112 1251 5187; x_wconf 81' lang='lat' dir='ltr'><em>abqeschlaqen</em></span> <span class='ocrx_word' id='word_1_495' title='bbox 1273 5113 1339 5182; x_wconf 89' lang='lat' dir='ltr'><em>hat,</em></span> <span class='ocrx_word' id='word_1_496' title='bbox 1368 5114 1462 5170; x_wconf 88' lang='lat' dir='ltr'><em>haben</em></span> <span class='ocrx_word' id='word_1_497' title='bbox 1483 5115 1537 5168; x_wconf 85' lang='lat' dir='ltr'><em>nir</em></span> <span class='ocrx_word' id='word_1_498' title='bbox 1558 5130 1594 5167; x_wconf 77' lang='lat' dir='ltr'><em>zu</em></span> <span class='ocrx_word' id='word_1_499' title='bbox 1617 5111 1711 5168; x_wconf 83' lang='lat' dir='ltr'><em>Recht</em></span> 
     </span>
    </p>
   </div>
   <div class='ocr_carea' id='block_1_6' title="bbox 0 0 2038 6209">
    <p class='ocr_par' dir='ltr' id='par_1_6' title="bbox 0 0 2038 6209">
     <span class='ocr_line' id='line_1_51' title="bbox 0 0 2038 6209; baseline 0 0"><span class='ocrx_word' id='word_1_500' title='bbox 0 0 2038 6209; x_wconf 95' lang='lat' dir='ltr'><em> </em></span> 
     </span>
    </p>
   </div>
  </div>
 </body>
</html>
