4067 6209
468 739 539 809 170
660 753 796 804 LXXVII.
815 769 919 805 nassau
932 769 970 804 no
982 770 1078 806 ronan.
1093 771 1241 825 cassanen
1253 773 1295 806 ar.
1310 773 1336 805 n.
1350 766 1371 806 5.
1385 770 1478 806 aenan.
1495 764 1552 805 ists.

464 929 531 987 illud
553 930 692 1003 ingenium
716 930 742 984 in
766 929 886 985 tenebris
909 928 1007 985 alieubi
1031 930 1200 986 delitescere.
1245 930 1363 1004 pelletur
1385 930 1471 992 brevi,
1496 930 1524 985 ni
1548 928 1641 991 fallor.
1665 937 1693 984 et
1708 928 1758 983 Co·

408 1015 537 1074 §.alonia
561 1016 648 1070 omnis
671 1014 809 1069 barbaries
836 1016 936 1070 virtute
963 1016 1060 1071 alricum
1089 1033 1119 1070 ac
1147 1015 1271 1071 nlilitum.
1315 1016 1402 1070 dudio
1424 1016 1603 1071 clarissimum
1626 1014 1756 1069 Comitem

464 1101 603 1157 Neaetium
627 1101 754 1155 aelvcrsus
789 1100 858 1155 istos
896 1099 1013 1155 indoctae
1046 1100 1179 1156 doctrinae
1213 1100 1407 1174 superciliosos
1440 1101 1612 1175 professores
1642 1117 1757 1173 prorsus

450 1185 606 1256 Alerculem
628 1202 724 1257 agerc;
754 1184 801 1239 scd
832 1184 948 1258 optarim
972 1184 1011 1240 illi
1034 1185 1116 1260 paulo
1139 1185 1337 1260 splendidiores
1359 1187 1561 1258 antagonistas:
1597 1184 1662 1239 milri
1685 1184 1757 1238 vide·

465 1278 509 1326 tur
532 1278 659 1325 extreme
683 1269 850 1325 infelicitatis
872 1287 933 1325 cum
956 1269 1088 1326 eiusmodi
1111 1271 1247 1344 portentis
1277 1270 1435 1333 colluctari,
1464 1270 1534 1326 nndc
1558 1276 1660 1344 preater
1682 1271 1777 1324 virust

378 1363 455 1420 ,1.1.
466 1362 493 1411 et
516 1354 632 1411 scabiem
660 1354 727 1409 nibil
756 1371 839 1426 queas
862 1354 979 1410 auterre.
1025 1355 1065 1411 lle.
1087 1356 1199 1411 miseret
1227 1357 1307 1412 etiarn
1331 1356 1452 1417 Ordinis,
1481 1356 1526 1429 qni
1550 1354 1651 1410 multos
1676 1353 1758 1408 babet

464 1439 567 1515 probos
584 1439 671 1499 viros,
695 1437 794 1511 quibus
809 1429 925 1495 istorum
941 1440 1080 1496 temeritas
1097 1442 1253 1514 nentiquam
1270 1441 1417 1516 probatur,
1442 1439 1604 1513 negantibus
1620 1439 1673 1494 sibi
1689 1438 1757 1493 tanti

406 1534 525 1584 §.nesse
547 1523 628 1579 unius
650 1530 697 1578 aut
718 1523 834 1579 duorum
856 1524 1045 1586 ambitionem.
1070 1533 1099 1581 ut
1122 1544 1153 1582 ea
1175 1527 1261 1599 gratia
1285 1527 1391 1581 veniant
1408 1527 1434 1580 in
1450 1526 1540 1581 odium
1556 1524 1657 1580 mundi.
1693 1523 1758 1578 Pes·

464 1610 531 1664 sime
554 1608 692 1664 consuluit
715 1607 797 1663 rebus
819 1609 944 1665 humanis
968 1611 1014 1685 qui
1038 1609 1146 1666 titulum
1171 1610 1266 1665 indidit
1288 1611 1479 1666 ‘obscurorum
1503 1609 1644 1668 virorum',
1674 1608 1756 1681 quod.

464 1695 492 1750 ni
516 1693 612 1749 titulus
634 1692 800 1768 prodidisset
823 1694 926 1757 lusum,
950 1704 977 1751 et
999 1696 1080 1751 hodie
1103 1697 1203 1770 passim
1226 1696 1384 1768 legerentur
1406 1695 1459 1750 illae
1475 1692 1604 1769 Epistulae
1625 1702 1755 1766 tanquam
1767 1700 1789 1741 ¹⁰

407 1779 492 1835 §.tin
515 1779 630 1852 gratiam
651 1778 864 1835 Praedicatorum
891 1781 1009 1855 scriptae.
1055 1781 1137 1836 Adest
1165 1780 1208 1836 liic
1231 1781 1339 1836 boranii
1363 1780 1491 1853 Magister
1513 1787 1622 1839 arcister,
1651 1778 1755 1852 pridem

463 1863 544 1921 Prior
565 1864 635 1938 apud
651 1862 804 1926 ltruacllas,
828 1865 873 1937 qui
897 1859 992 1937 viginti
1015 1864 1123 1921 libellos
1145 1873 1296 1927 sperneret,
1312 1865 1522 1938 'gratificaturus
1544 1864 1650 1926 amicis,
1674 1861 1756 1937 paulo

406 1953 527 2006 §.t-ante
550 1965 629 2022 quam
646 1947 720 2003 llulla
743 1947 788 2003 illa
811 1949 949 2022 prodiret,
973 1967 1034 2023 quae
1057 1950 1206 2006 edrrlrninat
1229 1968 1289 2006 euin
1313 1949 1443 2006 libellum.
1487 1950 1606 2005 Primum
1629 1947 1756 2022 optabant

463 2051 519 2090 nou
548 2033 649 2089 editum
677 2050 738 2088 eum
767 2032 902 2097 libellum,
932 2053 1023 2091 verram
1055 2035 1100 2090 ubi
1128 2035 1217 2090 luerat
1248 2035 1349 2097 editus,
1379 2034 1503 2108 optabant
1532 2034 1613 2089 alium
1637 2031 1755 2088 tinrlum.

464 2126 529 2175 sunt
552 2118 590 2174 illi
614 2118 722 2191 quidem
743 2118 818 2192 digni
841 2119 988 2175 maioribus
1009 2120 1148 2180 convitiis.
1181 2120 1227 2177 sod
1250 2120 1401 2195 exemplum
1424 2126 1466 2174 est
1488 2119 1609 2175 odiosius
1631 2126 1658 2173 et
1682 2119 1789 2192 quodtt

465 2205 492 2260 in
515 2205 590 2260 furto
613 2202 834 2259 molestissimum
858 2221 918 2260 esse
940 2205 1096 2267 consuevit,
1119 2205 1238 2279 suspicio
1262 2206 1367 2261 incerto
1391 2212 1501 2260 auctore
1523 2221 1572 2279 per
1596 2220 1692 2259 omnes
1713 2220 1756 2257 va·

409 2296 559 2364 §.agnon
583 2296 613 2344 ut
635 2287 733 2361 cuique
756 2307 803 2344 sua
826 2290 983 2345 coniectura
1004 2298 1051 2346 aut
1074 2308 1139 2346 suus
1155 2291 1279 2364 suggerit
1296 2291 1417 2346 allectus
1452 2307 1540 2362 neque
1556 2289 1627 2344 enim
1643 2288 1757 2343 deerant

466 2375 511 2448 qui
535 2391 576 2429 me
599 2374 742 2429 crederent
765 2392 857 2430 earum
881 2374 1063 2449 Epistolarunr
1086 2384 1240 2437 auctorem,
1270 2393 1330 2430 cnm
1358 2374 1423 2430 mibi
1454 2391 1504 2429 nee
1532 2373 1640 2429 nomina
1664 2373 1756 2428 ferrent

409 2467 544 2520 abacta,
573 2475 623 2513 nec
646 2458 784 2513 imitabilis
807 2459 923 2534 phrasis.
967 2460 1131 2522 benevale,
1162 2460 1319 2515 charissime
1342 2459 1448 2515 Caesari.
1492 2458 1607 2513 Mirabar
1628 2456 1756 2512 loannem

464 2543 609 2616 Siburgum
639 2543 691 2598 huc
718 2543 776 2598 sine
805 2544 858 2599 tuis
888 2544 993 2599 venisse
1022 2543 1130 2599 litteris.
1176 2545 1268 2600 Saluta
1290 2544 1469 2600 clarissimum
1491 2544 1621 2599 Comitem
1645 2560 1659 2597 a
1682 2542 1788 2598 aaran

462 2626 558 2702 Aquila
574 2626 642 2682 meis
657 2627 746 2682 verbis
761 2626 916 2700 diligenter.
954 2629 1072 2684 lovanio
1088 2630 1221 2704 postridie
1236 2630 1353 2691 l’asclran
1370 2630 1425 2684 sive
1441 2639 1465 2689 5.
1481 2628 1565 2703 April,
1582 2629 1660 2684 Anno
1680 2634 1754 2687 1518.

529 2926 540 2959 ³
558 2924 716 3004 Neaetium]
736 2928 842 2977 Novam
860 2927 996 2993 aquilam,
1016 2929 1155 2979 Nouenar.
1220 2928 1231 2959 ⁹
1249 2929 1332 2979 Obsc.
1347 2927 1414 2994 Via]
1433 2929 1476 2979 Cf.
1492 2929 1564 2978 infra
1582 2929 1755 2978 Erasmicam

463 3015 544 3079 epist.
559 3014 594 3063 ad
607 3013 740 3063 Thomam
753 3012 930 3063 Cardinalem
949 3013 974 3063 d.
990 3012 1110 3083 11111111.
1126 3009 1240 3064 ajlsln.
1259 3017 1324 3077 (non
1345 3013 1430 3076 1518.)
1449 3014 1550 3064 datam.
1622 3011 1643 3044 ¹³
1661 3010 1753 3077 Bulla]

462 3098 507 3148 dic
528 3098 567 3148 15.
581 3099 677 3147 Martii
691 3097 764 3147 1517.
779 3098 903 3147 aLeonc
921 3099 954 3146 X.
970 3098 1081 3147 emissa.
1136 3097 1155 3129 ¹⁹
1174 3101 1219 3149 Ita
1239 3116 1262 3148 c.
1278 3115 1300 3148 e.
1315 3099 1453 3148 Aeacides
1471 3098 1651 3161 PhilyranuS,
1671 3098 1755 3147 idest

461 3183 585 3233 Achilles
598 3177 750 3247 Pirminins¹
761 3182 878 3244 (lassor,
893 3183 1104 3246 madeniensis,
1118 3184 1256 3244 medicus,
1271 3182 1340 3247 (not.
1355 3199 1380 3232 a.
1396 3182 1469 3232 1505.
1483 3184 1500 3245 †
1513 3199 1538 3231 a.
1554 3182 1640 3244 1517.)
1656 3184 1683 3231 111
1697 3183 1753 3246 epi·

462 3273 615 3335 grammato
639 3269 668 3317 in
692 3266 826 3333 epistolas
849 3267 1026 3318 obscurorum
1049 3269 1181 3327 virorum,
1208 3268 1279 3332 quod
1298 3285 1331 3317 ex
1349 3266 1417 3317 bibl.
1431 3267 1603 3329 Krefftiana‚
1624 3265 1753 3315 1111111111-

461 3354 563 3416 mensi,
583 3353 736 3417 desumpsit
748 3352 769 3400 1.
783 3351 815 3401 G.
830 3351 1027 3402 Schelhornius
1052 3351 1215 3415 (nmoenittt.
1230 3352 1336 3402 literar.
1350 3357 1414 3400 tom.
1428 3352 1475 3400 IX.
1489 3351 1533 3401 Fs.
1548 3357 1576 3401 et
1587 3352 1664 3416 Lips.
1680 3350 1753 3399 1728.

460 3438 497 3487 8⁰.
510 3455 536 3503 p.
550 3436 608 3488 ooo.
622 3434 677 3501 sq.)
697 3443 725 3486 ct
742 3437 889 3487 bliinehius
908 3438 993 3487 stiam
1017 3436 1177 3500 (Obscuror.
1191 3438 1241 3486 vir.
1257 3453 1318 3503 epp.
1338 3438 1367 3486 in
1387 3436 1497 3485 llrschii
1517 3441 1545 3486 et
1563 3435 1679 3485 Gruberi
1699 3436 1752 3484 En·

462 3522 580 3588 cyclop.)
599 3522 786 3587 transcripsit,
806 3522 960 3572 Huttenum
979 3536 1041 3571 cum
1058 3523 1173 3572 Ernsmo
1192 3527 1333 3573 auctorem
1347 3520 1526 3586 epistolarum
1540 3520 1650 3570 illarum
1668 3521 1754 3570 fuisse

462 3608 605 3669 adfirmat;

662 3692 735 3741 Dum
752 3691 883 3741 Monachi
901 3692 1049 3741 Hebraeam
1068 3690 1215 3741 Rencblini
1234 3691 1349 3756 prodere
1367 3692 1474 3741 Musam
1552 3709 1555 3715 ·

722 3775 859 3842 Sacrilegi
877 3781 1000 3838 tentant,
1020 3776 1114 3825 Biblia
1133 3791 1215 3826 sacra
1233 3767 1313 3840 puta,

661 3864 788 3926 Dumque
807 3861 997 3926 Soplristarum
1016 3876 1085 3926 gens
1102 3860 1239 3910 illiterata
1258 3862 1405 3912 Cnmoenas
1468 3869 1470 3875 ⁴

721 3947 866 3996 Humanas
883 3947 985 3996 nostris
1002 3944 1084 4010 pellit
1100 3946 1203 4009 ubique
1222 3945 1338 4008 scholis,

662 4030 770 4081 Nobilis
787 4031 927 4079 Huttenus
945 4030 1027 4079 docto
1046 4028 1158 4079 collusit
1175 4031 1290 4079 Erasmo

720 4116 810 4178 Atque
828 4114 901 4163 bunc
920 4116 1074 4179 composuit
1091 4130 1145 4164 non
1163 4116 1224 4164 sine
1242 4113 1324 4164 laude
1343 4113 1455 4176 librum,

663 4201 695 4249 Ia
714 4214 766 4264 quo
785 4198 825 4247 nil
843 4198 937 4247 lictum
956 4204 999 4248 est
1016 4199 1072 4248 nisi
1090 4201 1201 4249 nomina
1219 4198 1279 4249 sola
1297 4200 1416 4249 virorum

722 4284 842 4345 Quorum
860 4298 945 4347 opera
963 4287 991 4332 et
1009 4283 1102 4333 studia
1120 4284 1166 4334 liic
1183 4284 1323 4349 verbaque
1341 4300 1415 4334 vana
1433 4287 1520 4334 notat.

662 4369 754 4434 thue
773 4368 968 4434 Magistrorum
986 4368 1147 4418 Nostrorum
1164 4369 1321 4418 barbariem
1340 4368 1388 4418 ille

721 4453 800 4503 Miris
817 4454 1006 4518 perstringens
1025 4452 1130 4503 salibus
1149 4454 1289 4519 exagitat,

663 4539 710 4589 Sic
729 4544 758 4588 tn
775 4554 829 4588 non
848 4538 948 4600 lusum,
968 4537 1017 4587 sed
1035 4538 1137 4588 inertia
1155 4537 1259 4588 saecula
1277 4538 1349 4598 ride,

722 4622 774 4674 Vel
793 4624 885 4690 potius
904 4622 973 4672 defle
993 4627 1117 4690 tempora
1136 4622 1222 4673 stulta
1240 4622 1387 4672 hominum.
