4067 6209
466 762 539 836 432
622 774 716 828 ccvi.
735 789 860 828 urrrsm
873 789 1010 828 srrcocrs
1024 791 1061 827 sn
1074 790 1187 828 rituam
1200 791 1300 828 maome
1314 789 1340 829 x.
1354 790 1484 830 exarare
1498 796 1525 829 s.
1542 784 1606 829 taen.

464 949 593 1011 fidelium
621 954 749 1015 rmntes,
779 965 817 1007 ne
844 947 956 1006 veritati
983 946 1130 1008 obediant.
1176 946 1248 1008 Nam
1277 949 1346 1026 qnid
1376 951 1493 1010 enitaris
1521 957 1583 1010 tam
1612 949 1774 1010 manifestis

464 1053 521 1111 tuis
543 1050 657 1127 flagitiis
680 1047 748 1107 leoni
771 1050 899 1125 speciem
922 1048 1079 1117 inducere,
1109 1067 1176 1109 cunr
1198 1051 1324 1127 possim,
1347 1050 1371 1109 si
1395 1053 1423 1109 in
1448 1053 1704 1111 concertationem
1728 1070 1772 1109 nn

466 1152 654 1229 perduxeris,
678 1167 768 1209 tirrano
792 1151 820 1207 in
836 1150 992 1209 Germania
1016 1152 1185 1227 episcopum
1209 1152 1363 1210 ostendere
1386 1153 1540 1223 ourrnlius,
1564 1172 1582 1213 a
1607 1172 1667 1230 epm
1692 1155 1718 1210 ri
1740 1172 1770 1211 ac

406 1266 452 1316 §.a
468 1254 571 1314 lracrde
594 1252 739 1312 extorsisti
761 1254 865 1356 qam,
887 1253 1018 1325 sexagies
1041 1250 1119 1310 mille
1142 1254 1265 1311 aureos?
1299 1251 1349 1311 Est
1371 1252 1428 1312 lroc
1450 1253 1577 1314 tondere
1601 1255 1691 1314 ores?
1725 1263 1770 1313 arn

465 1354 604 1432 spelunca
628 1353 775 1413 latronum
798 1352 874 1426 lacu
897 1359 940 1411 est
963 1352 1068 1411 domus
1091 1354 1220 1411 ‹lorninil
1251 1352 1382 1412 Tarrdem
1402 1356 1615 1432 cupiditatibus
1639 1356 1697 1415 tuis
1718 1355 1786 1413 oli-a

458 1458 548 1523 siste,
573 1463 660 1532 atqne
682 1455 766 1512 istam
789 1460 921 1530 tempera
945 1455 1134 1530 rapacitatem
1157 1460 1253 1522 tuam,
1277 1454 1427 1514 considens
1450 1457 1478 1515 iu
1501 1456 1602 1516 verbis
1625 1451 1768 1516 rnerrdacil

465 1557 621 1621 aedicens
644 1553 761 1614 cottidie
785 1552 950 1629 ‘Templum
973 1554 1098 1620 domini.
1128 1554 1268 1633 templum
1293 1555 1410 1616 dondni'
1434 1565 1463 1616 et
1486 1558 1572 1628 ‘Pax,
1597 1556 1675 1635 pas,
1704 1575 1767 1616 rum

466 1676 524 1717 rron
548 1659 585 1716 sit
607 1673 673 1733 pax.
719 1655 792 1715 Nam
815 1660 847 1713 ut
869 1654 1022 1715 hominnm
1045 1674 1138 1733 genos
1160 1655 1257 1725 lallas,
1282 1657 1327 1716 lus
1342 1657 1494 1717 fraudibus
1510 1677 1569 1717 non
1586 1667 1673 1735 potes
1689 1658 1766 1719 illmn

406 1776 450 1827 §.a
466 1758 557 1819 latere
580 1756 712 1818 cordiauu
736 1762 945 1824 scrutatorem,
969 1757 1063 1834 qualis
1086 1758 1133 1816 sis,
1178 1756 1345 1818 Meurineris
1367 1777 1436 1818 vero
1459 1758 1567 1836 flagelli
1590 1759 1766 1826 inundantis,

465 1860 514 1920 ulii
536 1858 685 1927 transibit,
714 1877 750 1916 ue
772 1858 867 1916 vernat
889 1866 1029 1935 superte
1060 1865 1089 1917 et
1115 1858 1361 1936 pseudoeclesiam
1390 1861 1474 1920 istam
1504 1867 1586 1920 tuam
1615 1868 1794 1938 totamqnclt
1822 1890 1828 1901 ·

404 1960 555 2029 §.asemel
578 1959 732 2021 conculcet
753 1961 948 2038 pessimorum
971 1958 1072 2046 llomae
1094 1960 1246 2020 hominum
1270 1958 1432 2020 colluviem.
1478 1960 1554 2029 Quid
1571 1962 1651 2021 euim
1667 1962 1765 2021 lloma

464 2064 555 2124 trabes
578 2070 685 2141 praeter
714 2062 857 2121 infinitum
886 2058 968 2119 illum
990 2062 1171 2121 musicorum
1196 2068 1314 2122 tuorum
1337 2069 1366 2122 et
1388 2061 1611 2123 adsentatorum
1634 2081 1764 2139 gregem,

464 2168 518 2225 uisi
541 2184 640 2224 interos
662 2165 758 2232 lures,
782 2181 880 2222 meros
904 2163 1092 2239 impostores,
1117 2163 1316 2234 fraudatores
1335 2164 1490 2241 praedones
1506 2174 1557 2224 ant
1572 2163 1659 2223 aliter
1675 2163 1765 2223 malos

462 2267 613 2335 homines;
649 2266 698 2343 qui
719 2266 801 2343 quasi
824 2281 952 2339 aucupes
975 2272 1088 2341 poirnnt
1110 2262 1231 2343 laqueos
1255 2273 1283 2325 et
1304 2266 1422 2343 pedicas
1445 2266 1481 2325 ad
1504 2266 1683 2345 capiendum
1706 2274 1765 2325 cot·

408 2368 533 2431 §.sticlie
555 2368 624 2427 hinc
646 2366 772 2444 aliquid?
802 2365 923 2424 Parcius
945 2373 1086 2442 praetcrea
1110 2365 1220 2426 lacesse
1242 2368 1368 2427 veritatis
1390 2367 1575 2435 adsertoreS,
1599 2385 1638 2426 ne
1654 2365 1795 2426 malumn

464 2469 541 2530 nltro
564 2470 615 2529 tilii
638 2466 790 2528 concilies!
828 2466 887 2526 lam
916 2465 973 2525 hoc
1001 2468 1079 2526 enim
1108 2466 1234 2527 clamant
1262 2486 1330 2527 cum
1358 2468 1502 2546 propheta
1532 2470 1643 2546 passim
1673 2467 1764 2537 molti,

464 2572 547 2643 ‘Quia
571 2570 684 2629 corruit
706 2570 734 2628 in
758 2567 861 2645 plateis
884 2568 1004 2636 veritas,
1029 2575 1059 2627 et
1081 2569 1200 2647 aeqtritas
1222 2588 1282 2628 noo
1304 2570 1398 2648 potuit
1419 2569 1550 2647 ingredi;
1581 2577 1609 2629 et
1629 2570 1707 2631 lacta
1722 2577 1766 2629 est

406 2681 452 2732 §.a
463 2673 579 2731 ‘veritas
601 2671 630 2729 in
653 2669 842 2736 oblivionem,
866 2671 966 2746 etqui
989 2671 1111 2729 recessit
1131 2688 1147 2727 a
1171 2669 1263 2739 malo,
1287 2670 1393 2747 praedae
1409 2671 1519 2747 patuit’.
1550 2672 1652 2742 Quare
1667 2689 1765 2730 merim

463 2781 507 2833 est
529 2771 698 2840 consilium,
723 2788 760 2829 ue
781 2787 911 2847 crnqoam
935 2772 1116 2831 inurentem
1139 2772 1235 2830 veniat
1256 2770 1324 2838 tini,
1347 2770 1471 2832 ulterius
1493 2773 1632 2851 persequi
1658 2772 1764 2832 Lutlre·

462 2856 620 2934 rumcmn
642 2874 676 2931 iis
699 2889 756 2930 rana
779 2888 852 2948 «pros
875 2869 922 2930 ille
945 2872 1110 2931 commovit.
1154 2870 1256 2949 plures
1278 2879 1345 2932 sunt
1368 2874 1446 2933 enim
1472 2891 1560 2952 quam
1589 2881 1623 2934 ut
1647 2873 1693 2933 rel
1714 2874 1795 2932 tinia

394 2974 506 3038 §.renel
530 2973 580 3033 olli
603 2976 741 3052 episcopo
764 2970 849 3031 liceat
869 2979 984 3032 teritum
1007 2974 1185 3042 animarum,
1209 2976 1233 3033 si
1248 2976 1365 3052 possitis
1380 2976 1482 3043 etiam,
1506 2975 1645 3052 perdere.
1680 2974 1765 3033 l'ides

463 3078 519 3136 iam
549 3083 616 3136 ante
644 3075 827 3152 mussitatum
851 3093 914 3133 osse
938 3076 1045 3151 passim
1069 3081 1169 3135 contra
1192 3083 1237 3144 to,
1266 3074 1344 3155 quod
1368 3082 1426 3134 tam
1448 3074 1549 3136 leviter
1573 3084 1600 3136 et
1625 3076 1705 3137 nulla
1730 3076 1765 3135 dc

462 3196 564 3237 caussa
589 3178 663 3237 istud
687 3184 768 3236 tunm
792 3174 902 3236 fulmen
925 3175 1070 3236 iaculeris
1115 3176 1193 3254 qnod
1216 3194 1275 3236 nen
1299 3176 1491 3255 consyderas,
1519 3178 1543 3237 si
1571 3179 1599 3237 iu
1632 3185 1763 3238 contem·

392 3290 451 3341 tu.
462 3287 544 3356 ptum
567 3278 723 3357 aliqnando
746 3278 872 3344 verterit,
907 3284 1048 3354 quantum
1077 3276 1243 3338 offendiculi
1271 3276 1357 3355 vulgo
1385 3280 1548 3355 pariturum
1578 3280 1624 3338 sit.
1671 3279 1764 3357 Igitur

459 3399 631 3441 urarrsuesce
654 3386 682 3439 et
704 3380 831 3439 caritatis
853 3397 911 3437 nou
935 3378 1009 3437 licta·
1033 3378 1124 3449 itlius,
1154 3379 1206 3439 sed
1230 3379 1400 3439 Christianae
1426 3387 1606 3460 ct·syncerae
1631 3380 1761 3441 alliciunt
1770 3397 1793 3435 es

372 3536 374 3539 a
459 3483 521 3552 lac;
558 3482 663 3542 exlnlie
684 3490 714 3541 to
737 3481 861 3541 lornram
886 3479 970 3539 nobis
998 3479 1033 3540 ad
1064 3481 1249 3551 imitandmn,
1280 3500 1315 3540 ac
1344 3480 1413 3541 illud
1443 3499 1530 3550 cura,
1561 3500 1622 3541 non
1652 3489 1685 3542 ut
1714 3501 1763 3542 ex·

457 3583 566 3662 plearis
588 3591 634 3652 tu,
658 3583 709 3642 sed
733 3590 764 3641 nt
786 3602 840 3642 rios
862 3600 1026 3659 pascaumr.
1066 3581 1150 3651 Quod
1173 3580 1224 3643 ubi
1246 3581 1427 3653 decreveris,
1450 3590 1513 3643 tum
1535 3584 1658 3642 scientia
1681 3591 1763 3661 post·

458 3684 514 3745 liae
542 3702 629 3762 pasce
658 3703 712 3743 uos
740 3692 768 3744 et
797 3685 943 3751 doctrina,
974 3701 1032 3743 nim
1056 3683 1157 3743 bullis:
1194 3685 1251 3744 iam
1275 3692 1432 3762 pertaesum
1463 3691 1506 3744 est
1534 3684 1643 3744 harum
1673 3686 1761 3745 euim.

390 3785 657 3864 §.ielndulgeutias
685 3805 754 3846 vero
782 3794 848 3846 tuas
876 3804 1065 3855 nauseantis,
1096 3793 1127 3845 nt
1154 3805 1238 3866 aeque
1266 3785 1346 3846 nihil.
1391 3785 1550 3846 Porrtilrciae
1578 3785 1665 3847 dotes
1694 3795 1762 3847 sunt

459 3889 614 3966 sentientia,
637 3889 763 3966 parcitas,
794 3889 910 3948 castitas
935 3893 964 3947 et
986 3906 1087 3947 rerum
1109 3890 1240 3947 eundum
1263 3895 1461 3965 contemptus:
1493 3887 1547 3948 lias
1569 3886 1791 3965 amplecteres

458 3991 500 4049 sic
528 3991 605 4050 enim
634 3991 697 4060 liet,
726 3998 759 4049 nt
787 3988 863 4049 colat
891 3996 920 4049 te
950 3990 1220 4069 Germaniarum
1243 4008 1342 4049 amare
1365 3988 1483 4058 viderit,
1514 4006 1574 4049 non
1597 3998 1759 4067 oppugnet,

456 4090 508 4151 uni
536 4098 650 4151 terrere
677 4093 866 4169 persenserit.
912 4090 997 4151 decet
1027 4099 1124 4152 aretem
1153 4090 1356 4151 benevolentia
1384 4091 1500 4151 vincere
1529 4098 1558 4150 te
1581 4107 1705 4156 omnes,
1735 4093 1760 4151 ri

457 4210 564 4270 cogere
580 4194 736 4252 neminem.
776 4193 844 4253 llaec
866 4191 975 4261 libere,
999 4193 1050 4252 sed
1067 4212 1148 4262 rere,
1172 4200 1205 4251 ut
1227 4199 1255 4253 et
1277 4211 1326 4253 res
1348 4199 1416 4254 suut
1438 4199 1467 4253 et
1489 4201 1625 4272 tempora
1649 4194 1759 4252 fertrut.

457 4293 539 4363 Vale,
568 4314 602 4354 ex
626 4295 792 4353 Gerrnania.

822 4398 1035 4439 ornvurauvs
1059 4397 1200 4439 vmcvua
1224 4399 1333 4440 servu
1767 4416 1789 4455 25

932 4485 972 4523 ar
996 4483 1208 4524 rnouemnvs

861 4568 880 4607 a
902 4568 998 4609 nouis
1023 4567 1297 4609 1vovn1rsouvn.

454 4618 656 4630 ..---—-

506 4684 671 4735 ¹eoneris3.
719 4682 896 4748 'flagiciisd
946 4685 1273 4749 qrrrrmetstcinsral...d.
1321 4682 1756 4734 ⁶·11ere1n.t⁷11.4.v1.ltt'rn.

457 4770 495 4819 11.
550 4770 701 4835 ⁷qn0tidie
722 4771 745 4817 6.
799 4768 998 4819 ”seruatorem
1018 4773 1042 4818 1.
1096 4768 1160 4832 flag.
1180 4767 1229 4834 in]
1250 4769 1292 4819 cf.
1312 4768 1378 4818 Isei.
1398 4766 1494 4832 proph.
1514 4767 1643 4817 XXVIII.
1659 4767 1701 4817 15.
1717 4767 1755 4817 18.

403 4889 406 4904 2
455 4853 651 4919 ''greegemL
693 4852 913 4917 ¹⁴·1‘0quottniec.
955 4851 1134 4903 ¹⁵Pnrtins3.
1170 4853 1279 4903 lacesso
1291 4856 1316 4902 1.
1359 4848 1755 4917 ιθριοῐὼεῐιι]Ιεαί.1.ο.Ι,ΙΧ.

456 4936 495 4987 14.
513 4939 550 4990 15.
594 4940 717 5007 ¹¹⁸predae
729 4942 754 4989 3.
796 4938 1024 5005 ¹⁹umqnom4.5.
1070 4936 1092 4969 ²³
1104 4954 1190 5008 causo
1202 4940 1260 4988 3.6.
1304 4938 1465 4988 consideras
1477 4939 1551 4986 M.
1598 4935 1755 4988 ²⁵eherita-

454 5026 491 5073 tis
510 5026 536 5073 3.
589 5026 706 5077 sincerae
726 5028 802 5077 3...6.
854 5024 1033 5091 ²⁸pertesum
1052 5026 1128 5075 1...3.
1181 5023 1203 5055 ²⁹
1221 5024 1291 5073 nihil
1310 5027 1335 5073 1.
1387 5021 1410 5055 ³⁴
1429 5022 1564 5074 M.D.XX.
1584 5024 1646 5073 add.
1665 5026 1726 5074 Μ.
