4067 6209
442 808 486 861 ct.
500 825 624 863 nrrrsm
636 826 673 862 an
687 825 752 863 ons.
767 824 948 862 ωιιιιιιιιι.
962 823 1186 862 amoenitasve
1198 825 1285 863 enar.
1300 817 1360 863 tttt.
1374 826 1394 865 r.
1407 824 1432 861 r.
1515 795 1589 870 235

298 989 344 1042 tus
374 990 403 1042 et
430 980 567 1059 ambigua
595 991 676 1042 sorte
704 981 797 1041 aleam
825 981 914 1051 iacio,
943 998 998 1060 pro
1027 989 1057 1041 te
1083 981 1200 1041 interim
1223 1000 1344 1052 rorem,
1375 988 1407 1042 ut
1429 981 1591 1047 diutissime

297 1084 383 1143 nobis
406 1085 533 1161 imperes
556 1091 584 1143 et
605 1083 760 1143 incolumis
782 1085 934 1160 persistas
959 1072 1015 1143 lroc
1038 1079 1143 1143 rrcbr'o
1167 1084 1292 1144 aderens
1314 1074 1416 1156 Εἰκός
1438 1078 1507 1146 ἐστι
1529 1105 1590 1148 κο-

207 1214 209 1216 ·
297 1176 407 1264 ρώνης
429 1172 605 1256 ἐνιαυτοὺς
631 1176 726 1261 ἄρξαι
752 1173 831 1263 παρ’
851 1172 932 1265 ἡμῖν
957 1172 1016 1245 τὸν
1043 1177 1255 1244 δικαιότατον
1279 1174 1435 1264 ἄρχοντα.
1481 1207 1535 1249 nco
1556 1196 1645 1255 tuas.

298 1306 384 1347 secus
407 1287 444 1346 do
459 1287 615 1347 Germania
637 1286 743 1346 rideris
766 1306 831 1347 esse
852 1288 989 1347 moritus:
1024 1305 1088 1365 qum
1112 1287 1189 1346 enim
1212 1285 1287 1374 bella
1310 1305 1369 1347 non
1392 1289 1505 1365 gessisti
1528 1291 1591 1350 sine

277 1400 407 1468 tmagno
430 1397 531 1448 nostro
554 1388 720 1467 dispendio;
754 1388 939 1449 inimicorum
962 1406 1052 1466 opera
1075 1385 1153 1449 ultus
1174 1388 1321 1457 inimicos,
1345 1408 1427 1457 cum,
1451 1392 1500 1468 qtri
1522 1391 1591 1452 ltine

297 1491 365 1576 inple
388 1491 487 1551 lrostes
511 1497 621 1560 essent,
648 1509 698 1550 eos
721 1490 844 1549 invicem
867 1490 1080 1559 committeres,
1104 1488 1238 1551 videlicet
1259 1498 1291 1551 nt
1310 1498 1340 1551 te
1362 1489 1518 1553 absumere
1541 1495 1591 1572 qui

298 1594 523 1660 ceruenderent,
555 1591 585 1651 bi
607 1609 639 1650 se
661 1592 716 1668 ipsi
738 1598 767 1651 te
790 1599 940 1668 spectante
963 1610 997 1652 ae
1019 1592 1188 1652 incendium
1217 1590 1289 1652 illud
1317 1601 1367 1654 tuo
1397 1593 1468 1655 llatu
1495 1592 1590 1655 aiente

298 1701 513 1754 corrsmnereut.
559 1691 623 1763 Quo
646 1692 765 1752 consilio
787 1691 938 1754 Gallorum
959 1693 1145 1754 incommodo
1168 1694 1294 1753 alilixisti
1309 1693 1434 1755 Venetos
1456 1708 1643 1759 rursum-§.a

299 1814 356 1873 qtre
379 1794 477 1854 Gallos
492 1794 700 1855 llelrctiornm'
714 1812 748 1854 ac
771 1794 979 1855 Britannorum
1003 1812 1094 1873 opera
1116 1795 1282 1872 perculisti,
1305 1797 1414 1855 nostris
1435 1798 1472 1858 ad
1495 1800 1591 1859 onmia
1642 1792 1646 1800 ’

265 1895 601 1975 toperirulararissimc
621 1915 701 1957 risus.
747 1895 927 1966 Prudenter,
950 1914 1004 1974 per
1027 1897 1112 1966 ileos,
1136 1902 1167 1956 ut
1190 1897 1236 1957 isti
1258 1896 1382 1969 scilicet,
1406 1898 1443 1959 dc
1465 1919 1591 1980 quorum

298 2001 428 2076 potentia
451 1998 558 2077 aliquid
582 1999 755 2077 suspicionis
777 1997 813 2056 ad
836 2006 865 2058 te
888 2000 1061 2076 pertineret,
1091 1998 1374 2068 comminuerentur,
1404 2018 1458 2060 tros
1486 2002 1533 2062 bie
1561 2003 1591 2062 iu

299 2102 378 2161 omni
400 2102 557 2161 securitate
579 2119 683 2177 pacem
706 2100 883 2160 haberemus
906 2107 949 2169 et,
978 2100 1057 2179 qnod
1082 2100 1213 2160 omnium
1242 2100 1329 2160 vincit
1357 2100 1590 2174 admirationem,

297 2209 411 2263 tantum
435 2202 557 2271 bellum,
580 2209 640 2262 tam
663 2220 766 2279 grave,
789 2207 848 2261 tant
871 2201 1084 2280 periculosum,
1108 2220 1145 2262 ne
1160 2202 1335 2261 sentiremus
1351 2202 1477 2280 quidem.
1515 2203 1660 2275 uuidere.

300 2302 385 2364 illud:
421 2303 559 2364 militibus
583 2305 632 2383 qui
655 2304 778 2363 Veronae
806 2303 835 2363 in
863 2304 999 2380 praesidio
1030 2309 1114 2363 crant
1142 2310 1170 2363 ot
1198 2304 1247 2382 qui
1271 2303 1398 2364 llrixiam
1422 2304 1591 2377 tuebantur,

266 2406 345 2465 rolris
375 2407 504 2485 qrrirrqne
531 2404 597 2483 plns
625 2404 776 2465 mensibus
803 2402 982 2465 Venetorum
1009 2405 1148 2482 pecunia,
1180 2423 1236 2484 qua
1265 2404 1396 2465 inducias
1423 2406 1463 2465 illi
1486 2406 1539 2467 abs
1560 2415 1590 2469 te

298 2508 498 2577 redemerant,
522 2508 700 2585 stipendium
723 2505 911 2566 atlnumcrari
936 2505 1014 2583 qnod
1036 2505 1179 2567 vidimus?
1213 2505 1276 2566 lloc
1299 2508 1426 2588 primum
1448 2514 1478 2568 tc
1499 2509 1591 2587 impc-

297 2616 382 2670 rante
404 2611 482 2687 passi
505 2618 573 2670 sunt
595 2609 711 2677 Veneti,
740 2614 772 2668 ut
794 2609 854 2667 suis
876 2607 981 2685 opibus
1004 2614 1106 2667 contra
1132 2624 1164 2667 se
1193 2606 1350 2667 militantes
1376 2618 1590 2687 compararent.

298 2711 358 2788 Age
383 2731 467 2779 roro,
496 2729 594 2790 aquo
616 2728 747 2789 trrrquam
769 2728 839 2787 rege
867 2716 917 2767 aut
945 2709 1078 2785 principe
1106 2726 1142 2767 eo
1172 2726 1255 2769 more
1282 2727 1386 2787 pacem
1416 2713 1659 2788 petircruntan.

299 2831 357 2890 ipro
380 2830 396 2872 a
419 2821 447 2872 te
470 2815 565 2890 primo
588 2813 675 2872 buius
697 2810 766 2871 belli
789 2827 866 2870 anuo
889 2809 966 2886 apud
990 2809 1126 2894 Crenmrn
1147 2810 1299 2891 profligati
1330 2830 1397 2872 oum
1421 2821 1532 2884 essent,
1560 2822 1593 2876 ut

263 2914 349 2991 requi
378 2932 481 2990 pacem
510 2914 612 2982 clance,
642 2913 719 2973 idern
742 2912 928 2971 corrdicioues
950 2912 1031 2989 praeis
1053 2911 1219 2993 scriberes?
1252 2912 1312 2973 Nec
1334 2913 1540 3005 obtinuerunt,
1564 2922 1593 2977 te

299 3015 439 3074 infensius
461 3016 518 3074 iam
541 3016 615 3074 irato
638 3033 726 3093 (μιιιιιι
749 3012 859 3090 placari
882 3013 931 3089 (pn
948 3031 1065 3090 posseS,
1088 3019 1138 3072 aut
1153 3031 1256 3089 pacem
1272 3016 1321 3092 qui
1337 3032 1426 3091 prece
1440 3035 1475 3075 ae
1492 3018 1591 3093 precio

298 3117 498 3176 intercedente
520 3117 697 3176 adrnitteres.
718 3194 721 3199 .
743 3115 826 3184 erod
852 3116 921 3174 laxit
943 3113 1016 3173 (leus
1039 3114 1105 3191 Opt..
1129 3112 1202 3173 lllax.
1228 3121 1260 3174 ut
1282 3114 1409 3174 sainture
1439 3116 1506 3176 buic
1535 3118 1588 3177 im·
1599 3135 1618 3185 e.
1628 3137 1659 3179 n.

298 3220 398 3295 perio,
422 3218 473 3277 tibi
495 3236 608 3278 sununa
633 3236 700 3279 eum
723 3217 807 3277 laude
831 3224 860 3275 et
881 3214 974 3293 gloria
997 3222 1090 3275 excat.
1134 3216 1191 3274 Sed
1216 3216 1271 3276 iarn
1294 3217 1356 3276 siue
1378 3217 1448 3295 ipsis
1470 3234 1517 3276 nte
1540 3217 1591 3278 tibi

298 3320 384 3397 arrigis
407 3318 589 3399 obstrepere.

365 3605 376 3638 ²
395 3598 470 3664 εἰκός
489 3598 545 3656 ἔστι
564 3604 634 3671 aab]
653 3607 719 3655 Veri
738 3604 828 3654 similo
848 3602 908 3667 (siro
927 3603 1061 3667 deutrum)
1081 3608 1124 3652 est
1142 3605 1262 3653 cornicis
1286 3619 1372 3655 ortnos
1396 3605 1592 3669 imperaturum

298 3707 358 3740 esse
378 3692 457 3740 nobis
476 3692 655 3741 iustissimum
677 3691 838 3755 prinoipem.
863 3689 970 3751 (Syrtes,
990 3689 1070 3752 epist.
1090 3688 1124 3737 ad
1143 3689 1257 3757 tratrem
1280 3705 1322 3755 op.
1344 3689 1400 3738 llll.
1424 3707 1450 3755 p.
1469 3689 1528 3739 *ll-5.
1548 3692 1590 3741 od.

298 3776 406 3838 Sp'nesii
426 3777 493 3840 Epp.
513 3777 602 3825 Puris.
618 3775 691 3823 tuna.
711 3773 759 3838 8⁰.)
795 3775 848 3823 Sed
866 3789 914 3822 nort
933 3777 1016 3837 arripit
1031 3771 1164 3823 ‘ceraticum
1176 3778 1255 3824 saeclo
1266 3777 1371 3824 vetereto*
1385 3776 1592 3825 rllaxtrnilionur:

297 3875 346 3909 uon
364 3864 437 3925 lotape
454 3862 596 3923 postiurno
616 3862 797 3925 prefationem
819 3860 941 3922 seriptum
964 3859 1027 3908 dicut
1045 3875 1184 3922 sceptrinum
1211 3859 1285 3920 obiit,
1309 3863 1397 3924 pridie
1417 3862 1480 3911 Idus
1498 3861 1592 3911 Ioueru-

297 3949 352 3994 νέαι
369 3962 393 3993 ιι.
413 3945 548 3994 unxlx.
568 3947 674 3994 roardum
691 3947 886 4010 serapeum-ius.
923 3945 965 3992 lle
984 3943 1067 3993 rebus
1085 3944 1171 4008 gestis
1190 3959 1250 4007 quoa
1269 3946 1308 4005 §5-
1327 3944 1416 3995 ll...ll.
1440 3961 1591 3995 memoran-

298 4035 354 4088 tur,
379 4030 547 4079 couforeuda
565 4036 629 4079 stent
646 4031 856 4095 Epigrammata
878 4028 976 4094 quibus
994 4028 1039 4077 bie
1058 4029 1193 4094 praefatur
1212 4035 1321 4092 auctor,
1342 4030 1408 4081 item
1427 4046 1509 4097 supra
1527 4031 1592 4096 Epi-

298 4114 397 4165 stolam
410 4114 499 4164 ltaliae
512 4114 641 4165 ficticium
656 4131 717 4164 cum
730 4117 838 4167 Eobani
852 4116 935 4163 llessi
954 4114 1137 4179 responsorio.
1157 4129 1183 4162 n.
1198 4129 1293 4165 xxxvr.
1357 4113 1368 4145 ⁸
1388 4105 1430 4165 ἔνι
1449 4105 1553 4173 αὐτοὺς
1566 4119 1591 4165 2.

299 4191 341 4250 ἔνι
360 4190 504 4257 oloveris-l.
557 4198 630 4263 ⁷oc]
651 4201 725 4252 add.
779 4200 940 4250 8ιιιὶίίἰιίιιί
954 4203 980 4251 3.
1034 4185 1310 4249 ⁰lleivetioorumd¹
1369 4198 1390 4231 ¹¹
1408 4200 1519 4251 Brixiam
1532 4204 1557 4251 2.
1567 4204 1592 4251 3.

299 4284 319 4317 ¹⁸
342 4287 432 4335 Huius
456 4285 600 4351 petitionis
623 4287 715 4335 ulrum
735 4285 814 4350 quasi
832 4281 1016 4351 spectaculum
1040 4283 1152 4334 exbibet
1175 4285 1272 4334 tabula
1296 4284 1510 4350 xylogroplrica‚
1535 4302 1593 4351 quae

298 4376 341 4420 est
360 4371 387 4419 in
406 4370 574 4434 Arrgustonsi
593 4372 835 4436 epigrammatum,
861 4371 932 4421 unde
954 4370 1026 4420 hano
1049 4368 1241 4434 praelationem
1260 4369 1441 4432 tlcsrrmimus,
1467 4370 1592 4438 exemplo

298 4455 396 4517 (Indic.
416 4455 543 4518 bibliogr.
562 4455 621 4505 XX.
643 4454 677 4517 l.)
696 4472 722 4522 p.
741 4452 821 4520 arip.
891 4456 914 4489 ²⁰
933 4456 1106 4507 conditiones
1118 4456 1179 4504 2.3.
1207 4470 1213 4479 ·
1250 4453 1270 4487 ²¹
1290 4455 1379 4519 pretio
1394 4457 1418 4503 3.
