4067 6209
430 777 489 828 cn.
504 791 676 829 ueneremur
690 792 792 827 nezem
806 790 834 828 m
849 791 984 828 rmvurn.
997 792 1127 828 carmon.
1143 792 1228 828 ruer.
1243 793 1277 828 nr
1290 794 1364 829 erra.
1380 778 1448 829 1518?
1518 765 1592 842 23Ί

300 968 376 1009 neni.
424 958 452 1008 et
475 966 540 1009 cnm
564 949 672 1025 passim
695 946 845 1008 Beruense
867 947 964 1008 scelus
986 956 1156 1018 caneretur,
1187 947 1405 1009 dissimulabam
1429 969 1445 1010 e
1466 969 1592 1030 quorum

301 1049 463 1110 colluvione
492 1051 633 1109 immensa
660 1067 753 1127 prope
782 1068 815 1110 ac
845 1050 964 1128 pessimi
991 1048 1116 1128 exenrpli
1144 1049 1508 1128 scelera,prolluxisseut,
1542 1072 1593 1113 eos

301 1151 377 1230 apud
406 1169 460 1209 nos
491 1152 592 1229 angeri
621 1150 797 1218 honoribus,
831 1151 924 1209 clotari
953 1148 1127 1210 muneribus
1154 1169 1188 1211 ac
1215 1152 1377 1232 redditibus
1409 1151 1591 1231 locupletari.

301 1272 390 1331 porro
413 1252 484 1312 illud
506 1251 690 1322 metuebam,
713 1271 751 1312 ne
774 1259 942 1329 erumperet
964 1251 993 1311 id
1017 1251 1167 1311 hominum
1184 1271 1277 1329 genus
1292 1254 1446 1313 censendis
1461 1236 1593 1317 moribus
1603 1259 1650 1308 Μ·

280 1374 336 1414 sac
358 1354 461 1413 stmliis
483 1355 590 1412 nostris
612 1354 730 1430 prafmi
769 1353 960 1431 dilligehatur
978 1354 1088 1411 interca
1105 1352 1200 1412 horrus
1217 1353 1362 1431 Capnion;
1386 1356 1447 1431 ipse
1464 1364 1595 1415 {rostram

301 1458 392 1514 vicem
416 1454 565 1524 dolebam,
590 1462 618 1514 et
641 1474 756 1514 mecum
780 1455 902 1514 insontis
918 1471 1018 1514 casum
1033 1454 1207 1531 indignabar
1222 1457 1315 1515 amici.
1356 1456 1456 1534 Neque
1476 1459 1595 1535 segnius

301 1564 384 1634 praeta
407 1559 465 1616 iam
487 1559 605 1617 victoria
629 1556 742 1624 exulto,
778 1563 809 1615 nt
839 1557 888 1633 qui
911 1556 940 1613 in
963 1557 1083 1615 exitium
1106 1556 1301 1633 pessimorum
1327 1557 1479 1617 hominum
1507 1558 1592 1617 latam
1643 1620 1649 1627 ,

301 1663 359 1718 iam
382 1660 556 1735 patefactam
579 1658 737 1717 fenestram
758 1657 885 1716 rideam:
910 1657 1018 1734 quippe
1033 1656 1145 1716 Turcas
1161 1675 1235 1734 nego
1250 1665 1300 1716 ant
1315 1658 1475 1718 ardentiori
1489 1659 1650 1737 dignosco.

302 1761 369 1819 odio
392 1767 441 1818 aut
464 1760 568 1818 maiori
591 1759 805 1836 oppugnandos
827 1755 937 1836 opere?
957 1759 985 1817 hi
1006 1766 1088 1827 sunt,
1112 1757 1219 1835 quihus
1235 1766 1400 1836 temporum
1416 1761 1593 1820 inhelicitate

268 1868 382 1921 roreeta
405 1861 498 1921 studia
527 1862 715 1927 interierunt,
750 1859 840 1920 literae
868 1859 1046 1937 proculcatae
1074 1867 1155 1929 sunt,
1189 1860 1284 1919 divina
1312 1860 1457 1938 theologia
1486 1861 1523 1919 ad
1550 1863 1592 1920 in·

302 1961 402 2023 utilem
436 1961 656 2040 loquacitatem,
691 1980 788 2021 meras
822 1973 928 2038 nugas,
962 1960 1053 2022 aniles
1080 1958 1214 2038 ineptias
1235 1961 1347 2022 recidit.
1404 1962 1502 2022 Latius
1537 1965 1649 2024 tameo.

303 2082 424 2142 eragor,
447 2082 502 2123 nec
527 2083 576 2122 ros
598 2064 682 2141 pigre
705 2064 875 2140 agnoscitis,
900 2062 1108 2141 'flrcologistae
1132 2070 1235 2122 vestre
1257 2063 1339 2122 robis
1362 2062 1454 2141 culpe
1477 2066 1594 2125 conscii.

303 2165 409 2243 quibus
432 2166 564 2242 profecto
587 2162 680 2223 laetirrs
703 2164 774 2224 nihil
796 2165 926 2232 ominor,
957 2183 1044 2243 quam
1067 2172 1099 2224 ui
1121 2183 1260 2242 regnasse
1283 2184 1334 2223 vos
1356 2164 1471 2225 dicatis:
1500 2165 1596 2226 valent

303 2274 394 2335 artes,
419 2268 515 2344 rigent
536 2265 646 2333 studia,
669 2265 777 2325 florent
798 2266 926 2343 ingenia,
956 2265 1108 2325 harbaries
1136 2264 1246 2334 exulat,
1276 2266 1476 2326 doctissimum
1499 2270 1594 2343 ponh-

270 2390 293 2428 15
304 2369 387 2428 ficem
410 2375 513 2428 restrae
535 2370 614 2445 pigot
636 2367 809 2426 stoliditatis.
855 2367 899 2425 dn
921 2367 1078 2445 quicquam
1103 2366 1178 2426 ultra
1205 2355 1366 2435 audffltis,
1401 2368 1507 2445 quibus
1534 2377 1651 2430 tamt-⁷.

304 2469 467 2530 infeliciter
489 2471 552 2528 auri
574 2468 683 2528 ludairi
706 2470 850 2545 piscatura
874 2468 978 2526 cessit?
1001 2460 1043 2527 Ne
1067 2468 1165 2536 facite,
1196 2467 1296 2527 oculos
1319 2468 1407 2527 habet
1430 2457 1595 2539 Germania,

303 2572 385 2630 rolris
408 2570 571 2631 detractum
594 2569 705 2639 relum,
738 2571 768 2628 in
790 2575 892 2646 aperto
915 2570 1063 2628 constituti
1086 2569 1232 2629 neminem
1256 2568 1408 2628 celabitis:
1442 2575 1595 2649 regnastis

304 2679 353 2731 ant
375 2671 451 2731 malo
474 2671 645 2731 Christiane
672 2670 841 2748 reipublicae
863 2671 938 2737 fato,
962 2678 1011 2730 aut
1034 2688 1137 2729 eorum
1160 2672 1209 2748 qni
1233 2689 1283 2729 vos
1298 2673 1375 2748 passi
1391 2679 1458 2731 sunt
1474 2671 1594 2734 scelere.

305 2776 375 2842 (liris
397 2775 474 2833 enim
498 2792 550 2851 per
581 2772 652 2832 deos
679 2770 859 2831 immortales
886 2779 945 2831 tam
972 2773 1090 2851 iniquus
1118 2772 1261 2848 pontifex,
1296 2774 1344 2850 qui
1372 2774 1457 2834 nohis
1485 2776 1652 2851 primusm.

269 2876 362 2939 iohoc
384 2877 483 2952 iugum
507 2872 695 2952 imponebat?
718 2882 767 2931 aut
789 2874 854 2951 quis
876 2874 915 2933 ita
937 2874 1058 2951 ignarus
1080 2872 1160 2932 orbis
1183 2880 1269 2933 terrae
1290 2875 1464 2951 imperator,
1489 2878 1538 2954 qui
1554 2880 1595 2937 sic

305 2978 457 3037 rnanifeste
473 2984 603 3036 nostram
619 2975 705 3034 nobis
720 2973 885 3034 libertatem
901 2976 975 3052 eripi
990 2975 1123 3036 sinebat?
1146 2974 1203 3034 Sed
1221 2984 1300 3035 recte
1316 2976 1455 3038 adversus
1472 2977 1594 3056 Capnio·
1605 2991 1651 3041 te.

305 3098 371 3139 nem
385 3078 583 3137 insurrexistis
594 3076 651 3135 hoc
663 3082 810 3154 tempore:
827 3095 895 3137 nam
908 3078 970 3136 eins
981 3078 1034 3136 riri
1046 3077 1247 3156 magnitudine
1262 3080 1497 3155 perspectissime
1514 3080 1595 3156 igno·

306 3200 371 3239 rare
393 3199 425 3240 se
448 3180 556 3240 diutins
578 3178 734 3237 Germania
756 3197 815 3238 non
837 3180 945 3255 potuit,
976 3197 1092 3239 serrare
1114 3198 1200 3238 Stttltn
1228 3178 1333 3246 decus,
1361 3198 1444 3239 suam
1472 3178 1596 3257 gloriam

305 3281 424 3342 shnlnil.
469 3281 583 3340 hlccnm
606 3280 693 3356 igitur
720 3279 857 3340 insultate
883 3280 980 3348 niolio,
1009 3281 1157 3340 Germani.
1208 3298 1276 3340 nam
1304 3299 1362 3358 quo
1391 3281 1494 3340 maiori
1522 3282 1663 3341 dim-oo.

270 3382 414 3446 nrnltate
437 3382 498 3442 haec
520 3388 603 3461 parta
625 3380 744 3440 victoria
768 3390 825 3449 est,
858 3388 958 3459 utpote
981 3389 1115 3441 octauum
1137 3382 1194 3441 iam
1218 3400 1327 3442 aunum
1354 3388 1522 3459 oppugnabo
1544 3383 1596 3442 Ca·

307 3485 428 3561 pnione,
463 3503 497 3543 eo
520 3502 570 3542 ros
593 3482 723 3541 tenacius
745 3484 912 3573 meminisse
934 3484 964 3542 in
986 3490 1137 3559 posterum
1160 3484 1320 3560 opbrtehit,
1355 3491 1499 3562 quatenus
1527 3484 1596 3562 quid

229 3646 230 3649 ,
306 3587 384 3646 ferre
406 3586 545 3646 debeatis.
593 3586 649 3645 Sed
673 3587 729 3645 iam
753 3585 984 3664 triumphantem
1007 3582 1185 3661 Capnionem
1209 3593 1338 3662 spectate
1361 3603 1395 3645 ac
1417 3574 1560 3663 plaudite!

934 3702 961 3761 2.

733 3804 857 3855 AVPOR
875 3803 1157 3854 THBOLOGISTIS.

271 3910 297 3949 eo
392 3891 541 3971 Laqueum
564 3892 684 3961 sumite,
707 3890 916 3968 Tlrcologistae,
945 3888 1051 3967 Viginti
1073 3889 1197 3967 amplius
1219 3908 1321 3950 sunrns
1342 3892 1370 3950 in
1393 3890 1541 3950 infamiam
1564 3908 1599 3951 ac

306 3995 466 4071 perniciem
490 4001 614 4054 vestram
638 3994 795 4061 coniurati;
831 3991 955 4052 debetur
984 3991 1041 4052 hoc
1068 3989 1224 4069 Capnionis
1252 3994 1440 4062 innocentiae,
1474 3992 1599 4053 debetur

375 4163 382 4196 ¹
401 4165 542 4214 Beruense
561 4161 662 4229 scelus]
690 4179 715 4213 e.
731 4160 804 4211 loon.
830 4168 959 4227 quattuor
978 4162 1079 4212 fratres
1098 4163 1201 4213 ordinis
1223 4162 1435 4229 praedicatorum
1453 4162 1486 4212 de
1506 4163 1598 4228 ohser-

307 4250 404 4297 rautie
422 4249 519 4297 Bernae
540 4248 672 4297 combusti
689 4252 753 4296 sunt
770 4254 882 4313 propter
900 4248 1011 4297 fraudes
1030 4247 1093 4298 ideo
1120 4250 1292 4311 commissas,
1324 4254 1354 4299 ut
1378 4254 1474 4299 contra
1498 4249 1599 4298 fratres

307 4335 426 4382 minores
445 4333 623 4382 ostenderent
641 4339 805 4396 conceptum
818 4334 915 4382 hfariae
933 4333 1178 4397 virginissaerum
1197 4350 1251 4383 non
1270 4334 1364 4383 fuisse.
1384 4336 1503 4384 Exstant
1520 4331 1599 4397 plura

307 4418 340 4466 de
359 4419 411 4467 hoe
430 4417 536 4467 scelere
556 4418 709 4482 composita
728 4417 852 4467 earmina
870 4417 1015 4482 populeris
1033 4434 1080 4468 oon
1098 4419 1146 4468 der
1162 4418 1334 4483 unhefleelrten
1346 4417 1527 4483 Empsciapnes
1540 4417 1597 4465 nta-

306 4508 366 4561 rire,
398 4520 510 4569 quornm
528 4517 610 4551 unum
628 4502 760 4553 Nicoleus
778 4501 890 4551 Menuel
908 4503 1029 4567 scripsit.
1065 4502 1135 4552 Vide
1163 4504 1296 4568 imprimis
1326 4500 1447 4565 [Thomre
1466 4496 1597 4565 Mumeri]

307 4590 348 4638 lle
368 4595 497 4653 qimttnor
514 4584 703 4636 hmreliarchis
719 4586 723 4651 Ι
739 4587 843 4636 ordinis
859 4586 1077 4636 Praedlcetorum
1100 4587 1133 4636 de
1153 4585 1359 4653 Ohfertluautia
1381 4591 1599 4650 nuncupatorum

307 4674 379 4738 opud
399 4674 403 4735 Ι
425 4669 567 4722 Suitonfes
585 4673 614 4719 in
633 4673 750 4721 ciuitate
769 4668 910 4736 Berlnenli
929 4669 1058 4720 cohuftis.
1094 4670 1181 4734 Anlno
1203 4668 1304 4719 Christi
1320 4668 1324 4732 Ι
1340 4670 1376 4717 Μ.
1391 4672 1424 4719 l).
1439 4671 1485 4718 lx.
1503 4669 1507 4732 Ι
1523 4673 1547 4719 in
1561 4670 1596 4718 4⁰.

307 4760 495 4807 exstatctinm
509 4758 684 4805 Gernranice.
748 4754 1011 4806 ³reditibusS.5.6.
1065 4755 1345 4803 ¹infelicitrttef...d.
1400 4752 1420 4785 ¹¹
1432 4757 1518 4819 pigrae
1531 4757 1597 4805 Aa,

306 4844 384 4908 pigre
398 4843 429 4891 B.
468 4842 539 4907 pigri
550 4844 575 4889 4.
624 4839 645 4871 ¹¹
658 4839 810 4902 infeliciter
824 4843 897 4891 3...6.
946 4840 967 4872 ¹¹
986 4840 1116 4890 celabitis
1128 4841 1162 4889 A.
1210 4837 1383 4903 ”quaiituh
1430 4838 1452 4869 ²¹
1470 4847 1598 4890 octavum

307 4929 361 4975 ium
382 4924 456 4990 num]
476 4924 727 4975 resumentem.
752 4926 972 4975 Pfefferkoruins
990 4924 1173 4974 Renchlinnm
1191 4924 1300 4973 visendi
1324 4939 1409 4972 carisa
1429 4923 1511 4986 odiit,
1537 4929 1599 4989 post

307 5012 377 5077 quod
401 5018 507 5076 tempus
527 5013 586 5076 ipse
605 5025 665 5059 cum
684 5008 894 5059 Coloniensibns
911 5011 983 5060 hunc
1001 5009 1097 5059 statim
1115 5008 1243 5073 persequi
1262 5012 1411 5072 coeperunt.

373 5095 393 5129 ³¹
414 5094 561 5164 coniurati]
581 5095 616 5147 cf.
630 5110 714 5163 supro
732 5111 757 5161 p.
773 5093 828 5146 130.
837 5110 876 5162 eq.
896 5094 1149 5148 Reuchlinietarum
1168 5093 1328 5145 exereitum.
