4067 6209
309 787 807 837 Lervrrmnercensendam.
827 781 888 832 LII.
902 797 981 832 narr.
991 794 1137 830 sonasse
1148 792 1300 828 assamur.
1309 785 1498 831 restaurasti.
1532 765 1602 838 135

309 956 431 1027 Quidam
453 957 517 1017 eius
538 953 649 1014 ordinis
671 954 763 1014 trater
784 952 863 1031 apud
887 949 1115 1011 contubernales
1138 966 1219 1009 meos
1242 951 1371 1012 eliutivit'
1386 952 1503 1032 audisse
1519 970 1551 1012 se
1567 969 1602 1011 ex

308 1040 483 1138 liugostrato
509 1056 745 1136 persecutionem
775 1056 839 1115 lore
863 1054 893 1112 in
913 1052 1071 1113 Erasmum
1093 1058 1215 1130 propter
1230 1051 1302 1112 Novi
1317 1052 1496 1114 Testamenti
1509 1060 1601 1115 teme·

308 1162 430 1230 rariam,
453 1166 486 1221 ut
507 1158 556 1220 ille
578 1159 632 1227 ait,
656 1158 822 1218 editionem.
868 1155 956 1215 crede
978 1154 1063 1224 mihi,
1086 1155 1141 1213 nisi
1162 1154 1312 1233 quippiam
1332 1156 1369 1214 sit
1392 1155 1471 1233 quod
1492 1174 1599 1234 magno

308 1261 345 1323 illi
367 1261 465 1324 studio
488 1267 648 1330 conentur,
679 1277 738 1319 non
761 1260 855 1318 lassus
878 1262 963 1316 esset.
1008 1258 1033 1315 si
1055 1256 1105 1316 ubi
1128 1258 1164 1315 sit
1186 1255 1342 1326 Erasmus,
1372 1264 1474 1318 uotum
1497 1258 1659 1329 habeata

289 1364 419 1434 tscribe,
442 1371 471 1424 et
494 1381 530 1423 ex
552 1381 600 1422 me
621 1362 770 1421 hominem
786 1359 893 1427 saluae
917 1360 986 1418 item
1003 1358 1199 1436 Capniouem,
1223 1359 1270 1418 cui
1293 1359 1371 1436 quod
1395 1377 1453 1419 non
1478 1377 1597 1437 possum

306 1468 367 1527 sine
389 1466 435 1526 sui
457 1463 589 1543 periculo
611 1462 758 1532 scribere,
782 1480 857 1539 pene
880 1461 1042 1537 dirumpor.
1091 1459 1158 1520 iube
1181 1478 1245 1520 esse
1267 1460 1345 1520 bono
1367 1460 1474 1521 animo.
1519 1479 1595 1521 nun·

308 1586 393 1647 mam
416 1568 522 1636 deero,
546 1573 578 1626 ut
600 1566 748 1626 communi
770 1561 918 1641 periculo;
942 1580 1038 1640 neque
1060 1570 1092 1622 ut
1112 1568 1196 1622 tuear
1211 1563 1351 1641 patriam,
1375 1563 1403 1622 id
1420 1569 1463 1623 est
1478 1561 1598 1634 litteras,

307 1670 477 1730 dubitavero
501 1686 568 1729 cum
590 1668 669 1728 bono
693 1667 754 1726 viro
777 1664 821 1725 vel
845 1666 874 1723 in
889 1663 991 1743 Καμπ
1014 1665 1192 1742 impingere,
1216 1682 1393 1743 quamquam
1408 1664 1440 1725 tir
1456 1666 1513 1725 hoc
1526 1666 1599 1725 tanti

307 1772 411 1841 facias,
435 1777 468 1832 ut
489 1772 519 1830 in
543 1770 681 1830 extremis
703 1768 812 1828 ducere
836 1766 970 1826 videaris.
1002 1765 1071 1826 Vale
1095 1767 1210 1829 iterius.
1240 1766 1376 1827 Nondum
1400 1767 1523 1827 vidimus
1545 1766 1598 1828 Ca·

280 1874 421 1951 opnionis
444 1872 656 1950 Triumphum
679 1870 770 1930 mitte.
1492 1860 1501 1870 ”

767 2085 1149 2101 *-

327 2310 470 2344 vatianus.
801 2336 804 2342 .
906 2274 990 2347 LII·
1404 2301 1437 2341 21,
1453 2307 1511 2341 lvn.
1527 2301 1584 2341 1517.

302 2365 505 2374 —————
1394 2362 1597 2370 -----

629 2449 789 2505 nupsisset
812 2449 974 2503 EGNATlVS
997 2447 1129 2535 tunsus
1152 2447 1213 2504 SVO
1244 2448 1270 2503 S.

389 2588 526 2643 lldalricus
550 2586 699 2661 lluttcrrus,
729 2586 782 2647 vir,
814 2593 944 2659 qrraruum
967 2603 999 2640 er
1021 2585 1080 2640 eius
1104 2601 1158 2639 urm
1180 2603 1331 2658 congressu
1352 2587 1486 2643 cenitense
1510 2588 1593 2648 licuit,
1607 2594 1652 2643 tt·

302 2691 363 2729 cum
387 2672 509 2728 muribus
532 2679 588 2727 turn
612 2670 712 2726 litteris
735 2670 938 2735 ornatissimus,
974 2678 1002 2724 ut
1025 2669 1126 2726 Erasini
1155 2671 1316 2745 discipulum
1347 2690 1495 2745 agnoscas,
1530 2682 1594 2729 nte
1636 2684 1644 2708 l

275 2758 368 2813 reniti
392 2756 604 2813 salutem-dixit.
649 2754 714 2810 lium
744 2773 810 2828 ego,
845 2763 874 2810 ut
901 2748 951 2829 par
978 2762 1051 2815 erat,
1085 2755 1200 2828 primum
1230 2764 1278 2812 tuo
1307 2757 1416 2812 nomine
1438 2758 1594 2814 suavissime
1688 2771 1691 2777 '

301 2842 458 2917 complosus
481 2859 554 2902 sum,
587 2858 649 2896 mox
672 2841 757 2895 virtus
780 2840 952 2914 suavitasque
975 2840 1034 2894 circs
1057 2840 1159 2902 cllecit,
1195 2848 1224 2896 ut
1253 2859 1308 2897 nou
1338 2842 1426 2897 miurus
1455 2842 1501 2898 ille
1529 2843 1594 2898 milri

303 2945 351 2983 sua
373 2945 453 3001 quam
475 2935 521 2982 tua
544 2925 777 2981 commendatione
800 2933 894 2997 gratus
918 2925 1105 2998 iucundusque
1133 2928 1213 2981 soret.
1265 2927 1408 2982 llelerclrat
1434 2936 1524 2983 autem
1548 2927 1593 2984 ille
1609 2935 1653 2985 §.a

303 3030 405 3068 summa
426 3030 486 3067 curn
510 3012 610 3067 amoris
632 3028 697 3083 erga
721 3018 747 3066 te
770 3009 959 3066 testificatione
981 3027 1042 3065 cum
1065 3009 1131 3072 alia,
1161 3019 1216 3065 tum
1246 3010 1327 3070 illud,
1358 3012 1473 3085 principi
1495 3013 1592 3070 Carolo

305 3097 470 3171 amplissimo
494 3104 689 3170 preceptorem
713 3095 850 3151 Erasruum
874 3104 1014 3151 evocatum
1038 3112 1098 3151 esse
1120 3095 1275 3151 conditione
1298 3096 1498 3151 honestissima.
1534 3116 1594 3171 quae
1631 3101 1634 3106 ’

273 3194 367 3238 aesone
390 3200 434 3237 res
458 3189 584 3255 quantam
608 3181 672 3235 milri
695 3180 861 3254 voluptatem
885 3178 1023 3240 attulerit,
1047 3181 1171 3236 erutione
1194 3180 1263 3236 lruud
1286 3180 1365 3235 facile
1380 3199 1524 3255 assequor:
1547 3201 1593 3237 cu-

304 3267 420 3340 gitabam
443 3267 513 3322 enim
537 3283 641 3322 mecum
664 3282 718 3320 non
742 3266 766 3320 id
791 3266 862 3339 (puori
886 3264 982 3338 rorigus
1006 3265 1062 3320 lere
1086 3265 1168 3327 solet,
1193 3283 1303 3339 coagnus
1328 3274 1353 3321 te
1377 3283 1408 3320 ex
1430 3284 1461 3321 ea
1485 3265 1593 3321 institu-

394 3449 457 3499 Lll.
487 3449 675 3513 ErasmiEpp.
696 3448 796 3510 (indie.
809 3437 880 3496 bibt
891 3447 1012 3510 n⁰‚.53,5.)
1031 3448 1155 3513 Append.
1168 3448 1286 3498 n⁰.cxr.1.
1302 3447 1364 3497 coll.
1376 3447 1494 3512 ldilsssq.

365 3585 376 3617 ²
400 3586 577 3653 temerarium
595 3588 618 3634 1.
700 3583 800 3633 ⁸bon0
819 3581 888 3649 viro]
913 3586 973 3649 ipso
992 3584 1146 3633 Rcuchlino
1169 3584 1213 3632 vel
1242 3585 1358 3648 quodam
1381 3584 1592 3634 Reuchlinista?

299 3667 395 3735 Καμπ]
427 3670 468 3718 ita
486 3685 592 3731 omnes,
624 3669 678 3718 nisi
703 3670 773 3733 quod
797 3662 883 3734 καμῶ
908 3671 936 3719 in
960 3674 990 3729 2,
1018 3668 1155 3735 aupmap.
1173 3669 1333 3718 Miinchium
1347 3668 1460 3718 Graecas
1483 3668 1593 3719 litteras

300 3756 470 3805 nescientem
501 3755 611 3820 legitur.
660 3754 733 3815 Quid
759 3755 812 3803 hoc
839 3756 876 3803 sit
903 3757 983 3819 quasi
1010 3771 1060 3819 per
1087 3771 1117 3804 so
1146 3754 1216 3802 satis
1246 3759 1370 3818 apertum
1400 3769 1479 3803 nemo
1512 3770 1591 3818 quem
1638 3741 1642 3748 ’

299 3841 385 3889 sciam
416 3838 547 3903 explicat.
596 3843 685 3888 utrum
712 3839 739 3888 in
766 3831 911 3904 καμόντας
938 3857 973 3889 an
1000 3841 1029 3889 in
1055 3839 1301 3903 Kapniomastigas
1328 3838 1495 3903 impingere,
1522 3840 1540 3888 i.
1566 3856 1590 3890 e.

299 3924 471 3989 praeeipitem
494 3939 523 3973 se
548 3924 633 3985 ferre,
663 3939 699 3972 an
723 3924 902 3991 Campegium
927 3926 1067 3975 Huttenus
1090 3924 1166 3973 adire
1192 3926 1251 3972 sive
1278 3924 1394 3989 aggredi
1416 3924 1489 3973 velle
1512 3924 1590 3987 dicit,

299 4014 328 4058 nt
346 4008 453 4058 duobus
471 4009 550 4057 annis
574 4014 636 4072 post
660 4008 776 4057 eundem
800 4010 970 4059 cardinalem
989 4011 1134 4069 Erasmus,
1163 4008 1211 4057 sed
1239 4024 1287 4058 suo
1315 4007 1402 4068 mo'rc,
1432 4010 1520 4059 adiit?
1547 4010 1590 4060 cf.

298 4094 407 4143 Erasmi
423 4094 493 4158 Epp.
512 4092 600 4158 Lugd.
618 4094 680 4142 Bat.
702 4092 775 4143 1706.
796 4094 842 4143 fol.
861 4095 898 4143 11⁰.
906 4094 964 4143 tto.
973 4093 1031 4143 tta.
1040 4093 1098 4143 547.
1135 4093 1213 4155 erod
1237 4095 1356 4145 sirecte
1375 4095 1590 4158 coniectorem,

299 4178 384 4228 facile
404 4176 603 4242 explicaretur,
632 4193 685 4242 qua
709 4177 741 4226 de
768 4194 854 4227 causa
872 4179 1012 4228 Huttenus
1032 4179 1179 4245 Campegii
1197 4194 1295 4229 nomen
1317 4196 1370 4230 non
1390 4181 1515 4231 omnibus
1534 4182 1592 4232 suis

298 4263 401 4313 litteris
424 4263 595 4327 scripsisset,
625 4262 674 4311 sed
693 4262 799 4312 Graecis
823 4263 902 4327 quasi
922 4263 1052 4313 celasset.
1122 4265 1291 4314 Laurentius
1310 4265 1478 4331 Caurpegius
1502 4266 1590 4316 Bono·

297 4348 403 4398 niensis
421 4352 483 4412 post
501 4347 605 4396 obitum
625 4348 716 4396 uxoris
739 4363 796 4398 suae
825 4363 857 4396 ex
882 4349 1027 4398 academia
1045 4350 1228 4412 Bononiensi,
1261 4351 1308 4399 ubi
1328 4352 1403 4416 patri
1426 4352 1455 4400 in
1478 4350 1591 4415 publica

296 4433 365 4481 iuris
378 4432 551 4497 professione
570 4437 759 4493 successerat,
779 4433 893 4481 Romam
907 4439 1041 4483 evocatus
1054 4451 1114 4494 mox
1128 4435 1238 4484 auditor
1251 4442 1334 4497 rotae,
1355 4440 1453 4500 postea
1467 4451 1483 4483 a
1496 4436 1600 4484 Leone·
1625 4447 1635 4460 ·

297 4532 371 4583 papa
388 4517 421 4565 X.
442 4516 783 4578 (die2ti.1un.a.l517.>‚
805 4532 865 4566 cum
890 4519 961 4583 apud
984 4519 1205 4568 dlaximiliouum
1229 4518 1299 4569 Caes.
1327 4520 1418 4569 nuntii
1442 4520 1591 4583 apostolici

297 4617 408 4651 munere
429 4601 590 4666 iungeretur
609 4604 723 4667 eiusque
743 4603 839 4652 favore
864 4603 1010 4668 episcopus
1030 4603 1182 4653 Feltrensis
1206 4604 1298 4653 factus
1323 4609 1409 4663 esset,
1438 4603 1590 4653 cardinalis

297 4693 408 4737 creatus
428 4691 482 4746 est,
503 4687 649 4751 presbyter
666 4688 781 4750 primum
800 4686 826 4736 S.
840 4686 952 4736 Thornae
972 4689 1001 4736 iu
1018 4688 1151 4747 Pariene,
1172 4692 1229 4736 tum
1247 4687 1274 4735 S.
1294 4688 1464 4747 Anastasiae,
1489 4687 1590 4738 deinde
1667 4713 1673 4723 ·

297 4771 323 4820 S.
344 4772 441 4819 Mariae
460 4776 537 4820 trans
555 4771 689 4828 Tiberim,
710 4776 808 4836 postea
828 4773 974 4836 episcopus
992 4770 1172 4830 Albanensis,
1198 4770 1317 4819 Sabinus
1341 4777 1369 4819 et
1386 4772 1589 4834 Praenestinos;

298 4856 370 4919 apud
389 4855 540 4904 Henricum
559 4856 633 4905 VIII.
653 4856 762 4920 Angltae
781 4872 886 4919 regem,
908 4856 935 4903 in
955 4860 1092 4904 conventu
1110 4840 1335 4919 Norimbcrgensi
1356 4853 1473 4918 aliisque
1498 4857 1588 4907 eccle·

296 4941 346 4990 site
366 4940 583 4990 necessitatibus
601 4942 715 5005 negotia
733 4942 864 4990 Romanae
884 4941 968 4988 curiae
992 4940 1115 4989 studiose
1142 4940 1238 5004 gessit.
1278 4944 1399 4988 mortuus
1427 4943 1470 4986 est
1496 4956 1589 4991 mense

297 5026 366 5090 Aug.
387 5039 412 5073 a.
426 5022 498 5073 1535).
535 5025 589 5075 Sed
607 5025 667 5074 haec
687 5026 794 5089 quidem
814 5042 848 5075 ne
866 5024 976 5089 longius
999 5027 1089 5090 petita
1115 5024 1170 5074 sint
1193 5013 1297 5075 vereor.
1334 5038 1428 5100 verum
1453 5024 1589 5075 cs.etiam

298 5125 369 5181 num.
384 5109 475 5159 Lllll.
548 5109 569 5142 ¹⁰
582 5110 613 5159 In
628 5114 680 5172 stne
698 5112 759 5160 add.
777 5110 940 5160 mnxvn.
954 5113 979 5159 l.
