4067 6209
363 780 437 853 348
474 797 593 848 CLXVI.
614 809 790 845 uvrranran
808 802 1100 845 navusr.n.ttt.rra1.
1117 802 1174 843 ¹520.
1206 808 1669 844 nrsrnrransaar.ansnaa.nr.

293 970 536 1045 §.u-dedignatus
558 966 606 1027 esi
639 965 767 1025 Proinde
789 965 825 1024 ad
849 964 996 1043 mequod
1021 965 1147 1041 pertinet
1177 964 1254 1042 (nam
1272 964 1410 1034 ,aliorum
1439 963 1565 1025 consilia
1589 964 1667 1023 haud

361 1072 430 1132 dum
455 1069 620 1148 perdidici),
649 1068 716 1145 quia
740 1066 845 1126 scribis
867 1068 896 1125 in
919 1066 966 1125 illa
989 1065 1213 1127 maledictorum
1236 1073 1357 1127 tuorum
1378 1042 1547 1142 farragine,
1576 1066 1666 1143 siquis

360 1174 514 1233 mentitum
544 1179 571 1229 te
599 1176 649 1229 aut
677 1187 736 1227 nou
764 1169 921 1228 admodum
945 1168 1108 1227 Christiane
1136 1167 1265 1228 locutum
1292 1167 1500 1245 deprehendat
1523 1173 1554 1227 et
1575 1184 1665 1244 super
1735 1157 1738 1162 ’

361 1276 417 1335 hoc
440 1279 572 1340 moneat,
595 1277 730 1348 paratum
753 1277 782 1328 te
804 1277 957 1328 recantare
980 1271 1093 1338 statim,
1117 1272 1287 1349 priusquam
1308 1270 1338 1328 iu
1360 1279 1390 1330 te
1414 1270 1507 1348 (quod
1529 1269 1663 1329 futurum

361 1374 468 1452 alioqui
496 1372 634 1451 [icadioni
664 1373 789 1440 irruam,
824 1389 930 1431 moneo
959 1389 1025 1448 qum
1053 1372 1094 1430 sic
1122 1371 1227 1448 crrpride
1255 1373 1423 1439 evomuisti,
1459 1389 1520 1430 non
1555 1371 1681 1430 inviruss

361 1494 478 1555 quoque
502 1483 532 1534 ut
556 1474 710 1533 remandas
733 1474 859 1550 primum
889 1491 922 1532 ac
950 1473 1035 1531 istam
1065 1471 1129 1532 orbi
1158 1473 1303 1549 impuram
1330 1480 1412 1533 tuam
1441 1458 1663 1533 cenatiunculam

363 1585 512 1646 recantes,
536 1574 641 1635 ‹toindo
665 1574 701 1633 nh
725 1593 759 1633 eo
783 1593 871 1652 quom
894 1575 1080 1634 innocentem
1104 1574 1254 1643 addixisti,
1277 1574 1404 1635 nectale
1426 1573 1498 1653 quid
1522 1573 1663 1632 meritum

294 1688 312 1738 t·
321 1688 352 1733 ¹⁵·
364 1686 534 1756 contemptu
562 1679 672 1755 pariter
700 1684 728 1735 et
756 1675 931 1736 contumelia
955 1676 1123 1753 perfudisti,
1155 1676 1266 1736 veniam
1289 1676 1342 1736 tihi
1364 1693 1479 1735 exores.
1525 1674 1600 1734 llaec
1621 1676 1663 1733 ria

361 1780 541 1840 declinandae
563 1797 656 1856 puna
679 1780 722 1837 ria
746 1784 818 1837 osto.
864 1778 934 1836 Ilico
957 1786 986 1836 te
1009 1778 1086 1836 eninr
1109 1777 1138 1835 in
1161 1777 1207 1837 his
1229 1795 1294 1855 quaa
1315 1766 1434 1846 scribis,
1459 1775 1558 1853 probe
1581 1792 1663 1835 men·

360 1884 423 1950 tiri,
453 1884 548 1959 ipsum
576 1888 605 1940 te
633 1878 789 1940 scelestum
820 1884 850 1938 et
878 1879 1028 1955 impurum
1057 1878 1153 1937 iudico
1182 1877 1329 1958 talemque
1357 1896 1435 1948 esse,
1463 1878 1520 1938 nisi
1545 1877 1695 1937 iamiamu

361 1983 446 2043 nohis
468 1984 624 2049 satisfacis,
648 1981 810 2059 posteritati
833 1998 951 2058 quoque
974 1986 1111 2040 testatum
1134 1974 1307 2057 relinquam.
1351 1980 1487 2041 Praedixi.
1533 1978 1581 2040 Ex
1603 1978 1664 2039 llo·

362 2085 460 2163 garantia
485 2084 559 2143 lllll.
584 2077 678 2143 Caleni.
703 2082 786 2142 lunii.

428 2304 470 2353 Ad
488 2304 560 2353 hanc
580 2302 726 2368 epistolam
745 2304 825 2366 quasi
844 2307 1035 2355 commentarii
1057 2306 1119 2357 loeo
1143 2320 1205 2355 esse
1227 2306 1342 2369 possunt
1364 2301 1417 2351 dno
1439 2301 1521 2364 libri,
1548 2316 1665 2367 qnorum

362 2389 479 2440 alterum
497 2389 525 2438 in
543 2388 638 2437 Indice
657 2387 1033 2452 bibliogr.n.5'2.iudieavi,
1059 2391 1155 2452 alteri,
1180 2392 1247 2440 item
1265 2388 1357 2437 formae
1376 2386 1536 2452 quadratae,
1563 2386 1663 2435 inseri·

360 2479 436 2539 ptum
461 2477 503 2522 est
528 2470 566 2533 ju
585 2473 729 2526 Quartum
746 2470 750 2535 Ι
766 2488 859 2523 narrar
884 2485 1056 2531 proavunsrr
1079 2492 1095 2525 s
1121 2472 1313 2542 seinamma
1338 2485 1491 2521 acarnania
1510 2467 1697 2536 andraea-tt

361 2574 442 2620 nisu,
467 2572 601 2607 snasnrcr
625 2552 751 2622 uolumus
776 2573 971 2610 srvnrosoavu
987 2559 991 2623 Ι
1007 2557 1238 2621 neronianum!
1304 2572 1341 2607 an
1360 2555 1508 2619 nscrosrrl
1525 2556 1583 2617 Qui
1608 2556 1667 2621 lega

360 2643 435 2702 boec,
457 2640 478 2690 li
497 2656 530 2710 qs
549 2639 578 2691 tri
594 2642 655 2690 haee
673 2641 758 2706 legis,
779 2643 852 2707 optie
871 2644 942 2694 letor
961 2643 1016 2710 [sic]
1034 2644 1038 2709 Ι
1053 2646 1094 2694 Ne
1113 2643 1180 2694 mihi
1199 2643 1343 2693 Socratico
1361 2640 1488 2690 turbidus
1506 2655 1558 2689 oro
1578 2637 1664 2704 senil

360 2727 432 2775 Dum
451 2732 598 2775 caneretur
617 2730 663 2774 ent
680 2725 759 2774 nobis
778 2725 866 2782 bonus
886 2727 938 2779 itte
951 2732 1043 2780 Leous
1059 2726 1063 2795 Ι
1078 2731 1132 2778 Pro
1151 2727 1250 2794 phoabo
1269 2724 1381 2792 pratens
1398 2721 1458 2790 iple
1471 2726 1569 2786 Lyeus
1583 2720 1664 2787 erati

361 2826 386 2871 r,
406 2824 431 2870 n,
454 2807 459 2875 Ι
479 2808 511 2875 [i.
526 2827 549 2860 e.
564 2810 681 2858 Petreius
697 2809 879 2876 Aperdaedua]
903 2813 935 2861 Ia
949 2816 1002 2876 fine
1018 2816 1183 2878 penultinam,
1203 2815 1220 2862 i.
1234 2828 1257 2862 e.
1271 2815 1363 2860 ΧΧΙΙΙ.
1380 2812 1485 2875 papium
1502 2815 1543 2857 eat
1560 2808 1664 2858 Ertl'or·

360 2895 405 2960 diq
423 2911 472 2961 per
490 2896 621 2944 Ioannem
640 2894 782 2959 Cnappum
798 2891 803 2961 Ι
819 2897 852 2945 ad
872 2898 996 2948 celebres
1015 2898 1102 2948 ferias
1120 2896 1207 2946 diuini
1222 2893 1227 2960 Ι
1242 2896 1375 2945 ternionis
1388 2909 1503 2957 rr,n,xa,
1671 2906 1694 2944 tt

427 2982 469 3029 Ex
482 2979 532 3029 illa
543 2978 730 3044 Epistularum
743 2980 885 3047 farragine
900 2984 998 3045 (Indie.
1012 2984 1080 3033 bibl.
1094 2999 1119 3032 n.
1134 2982 1198 3045 523.
1214 2998 1239 3046 p.
1255 2979 1310 3030 143.
1325 2980 1377 3043 aq.)
1389 2979 1451 3029 haeo
1464 2977 1664 3043 subiungenda

360 3081 422 3119 esse
439 3065 580 3117 videntur:
1677 3056 1681 3063 “

563 3200 756 3251 GERARDVS
774 3202 941 3251 LISTRIVS
960 3202 1081 3253 BEATO
1101 3200 1274 3252 RHENANO
1294 3199 1362 3249 SVO
1376 3199 1404 3248 S.
1417 3199 1452 3248 D.

427 3321 468 3369 Ne
491 3321 603 3369 nescias
627 3335 679 3383 quo
703 3320 731 3368 in
754 3324 830 3369 statu
853 3320 899 3370 hic
923 3322 1022 3381 simus,
1049 3324 1137 3370 Beate
1163 3320 1339 3379 beatissime,
1363 3316 1421 3366 ludi
1443 3316 1567 3366 literarii
1586 3316 1661 3381 apud

360 3405 484 3456 Zuollam
502 3405 626 3454 habenas
645 3404 828 3465 moderamur,
859 3406 1030 3455 inventutem
1049 3406 1161 3470 optimis
1178 3404 1268 3453 literis
1287 3403 1470 3463 instituimus,
1494 3418 1545 3466 pro
1564 3407 1693 3451 nostrata

360 3489 435 3541 virili
453 3489 610 3538 barbariem
630 3489 759 3553 gnaviter
776 3490 968 3555 profligamus,
989 3486 1149 3540 faventibus
1169 3489 1280 3554 optimis
1299 3486 1450 3551 quibusque
1470 3489 1498 3534 ot
1516 3487 1660 3551 praecipue

360 3576 441 3625 huius
460 3574 553 3638 oppidi
572 3573 750 3638 primoribus,
776 3574 825 3623 sed
848 3576 1027 3625 vehementer
1051 3574 1252 3624 rebellantibus
1270 3571 1498 3637 ptochotyrannis
1523 3585 1591 3634 quos
1612 3586 1658 3619 no·

359 3662 410 3719 sti,
432 3660 477 3723 qui
497 3657 599 3707 nullum
619 3673 672 3706 nou
691 3662 802 3707 movent
820 3658 954 3724 lapidem,
981 3660 1050 3708 nihil
1069 3676 1123 3708 non
1142 3659 1258 3716 audent,
1283 3655 1351 3706 nihil
1370 3671 1424 3704 non
1442 3653 1594 3703 moliuntur
1613 3654 1659 3702 nd-

301 3738 306 3746 '
359 3760 455 3795 versus
474 3744 579 3807 optima
597 3742 690 3791 studia
709 3779 823 3791 ......
849 3743 903 3791 Sed
927 3760 941 3792 e
966 3758 1018 3807 qno
1043 3759 1111 3793 caro
1136 3758 1228 3808 quaeso
1245 3741 1348 3807 prodiit
1365 3741 1419 3788 iste
1438 3736 1588 3804 gigantum
1604 3738 1659 3787 fra-

359 3828 481 3878 terculus
500 3827 644 3876 Eduardus
662 3828 749 3887 Lens,
775 3829 821 3891 qui
844 3827 936 3876 subito
955 3828 1027 3877 divis
1045 3827 1148 3876 bellum
1167 3826 1320 3876 indiceret?
1345 3825 1399 3874 imo
1423 3838 1438 3872 e
1462 3838 1514 3886 quo
1538 3823 1689 3886 storqui-au

359 3912 427 3962 linio
446 3913 583 3976 prorepsit
601 3912 753 3961 scarabeus
773 3914 826 3961 iste
850 3912 897 3975 qui
925 3917 1027 3962 nostras
1052 3911 1153 3976 aquilae
1177 3912 1322 3976 negocium
1347 3908 1520 3959 facesseret?
1547 3923 1580 3957 ex
1606 3922 1658 3971 quo

360 4001 440 4045 antro
464 3996 585 4061 prosiliit
607 3996 687 4044 nohis
711 3996 831 4046 Caculus
855 3999 921 4057 istc,
952 4002 1060 4045 tantum
1085 3994 1165 4057 iu'mi,
1191 3999 1353 4058 tantumque
1377 3992 1500 4043 incendii
1526 3992 1658 4041 vomens?

358 4081 485 4138 Hoccine
504 4085 652 4130 monstrum
671 4082 750 4130 nobis
769 4081 846 4130 dedit
864 4081 965 4145 Anglia
984 4082 1026 4130 sic
1046 4081 1080 4129 ab
1100 4081 1214 4129 Erasmo
1238 4064 1519 4143 praedicabat-Nemo
1538 4077 1590 4125 Lei
1610 4092 1657 4125 no-

359 4179 422 4212 rnen
449 4164 570 4212 antehac
598 4164 726 4212 arrdierat
752 4180 842 4229 neque
866 4167 1010 4229 qnisquam
1033 4165 1171 4214 hominem
1194 4170 1289 4213 nutum
1313 4162 1432 4212 sciebat.
1469 4166 1497 4211 et
1520 4177 1588 4210 occa
1614 4176 1656 4210 su·

359 4248 418 4297 bito
437 4249 540 4312 prodiit
558 4247 629 4296 liber
647 4249 772 4297 omnihus
796 4248 931 4297 machinis
955 4250 1092 4313 impetens
1111 4250 1263 4297 Erasmum.
1300 4246 1377 4297 Nihil
1401 4245 1491 4295 adhuc
1513 4245 1573 4294 vidi
1597 4250 1685 4299 stu-as

358 4332 462 4397 pidius,
484 4331 634 4394 indoctius,
661 4332 804 4393 inerrlsius,
830 4334 968 4394 insanius,
995 4334 1184 4398 arrogantius,
1209 4332 1369 4397 procacius,
1394 4329 1556 4396 gloriosius,
1577 4330 1655 4379 iuca-

358 4416 426 4477 tius,
452 4416 638 4466 maliciosius:
663 4433 715 4466 nec
734 4418 944 4483 grammaticam
963 4418 1041 4468 novit
1059 4433 1110 4467 nec
1129 4416 1309 4467 dialecticam
1326 4431 1377 4465 noe
1395 4413 1616 4480 philosophiam,
1637 4430 1653 4463 a

358 4501 502 4567 theologia
520 4500 680 4566 longissime
700 4502 795 4564 abest,
818 4506 896 4552 caret
914 4503 1041 4567 iugeni03
1067 4506 1144 4552 caret
1163 4502 1279 4560 iudiciO,
1304 4505 1383 4550 caret
1400 4514 1483 4549 sensu
1502 4500 1654 4559 communi,

358 4590 462 4652 passim
480 4602 534 4635 non
552 4587 688 4653 intelligit
705 4587 758 4637 hoc
777 4588 866 4653 ipsum
884 4586 955 4651 quod
974 4588 1078 4651 carpit,
1099 4587 1202 4651 passim
1220 4601 1274 4635 non
1293 4584 1426 4649 intelligit
1439 4583 1510 4647 qnod
1524 4598 1655 4649 arrogan-

358 4672 466 4721 tissime
485 4672 580 4734 docet,
605 4674 708 4737 passim
731 4688 784 4722 non
809 4671 944 4736 intelligit
968 4687 1002 4720 ea
1025 4686 1085 4735 quae
1110 4673 1194 4732 citat,
1218 4686 1293 4736 saepe
1318 4671 1378 4735 ipse
1396 4668 1452 4717 sibi
1471 4667 1687 4728 contradicitur

359 4771 551 4821 nonnunquam
576 4757 697 4822 loquitur
721 4758 815 4808 aliena
840 4762 869 4806 et
892 4757 937 4806 vix
960 4756 1079 4806 Honeste
1103 4755 1201 4820 digna:
1227 4755 1255 4804 in
1278 4769 1384 4804 summa
1406 4752 1486 4818 plura
1508 4756 1574 4801 sunt
1597 4751 1656 4801 illic

360 4847 454 4891 errata
472 4857 553 4906 quum
572 4858 675 4893 vorsus.
712 4844 749 4893 Et
770 4847 865 4892 tamen
889 4841 943 4889 isto
967 4845 1010 4889 est
1034 4840 1080 4903 qui
1105 4838 1234 4889 ecclesias
1257 4837 1431 4903 periclitanti
1453 4837 1584 4901 supponit
1608 4837 1656 4886 hu-

429 5042 497 5108 ¹es]
518 5047 577 5094 est?
597 5048 656 5094 Μ.
710 5042 795 5110 ⁹ria]
815 5045 900 5095 unica
912 5044 987 5092 2...t.
1042 5002 1444 5105 ¹²n.n.xrx.add.3.4.salbu.
1497 5035 1656 5106 ”gigfnl

359 5127 455 5177 quen.
469 5133 522 5177 sat.
535 5130 582 5179 1v.
595 5128 638 5178 98.
