4067 6209
428 755 499 826 180
609 769 777 818 rmxxrnn
796 784 920 819 arrrsnr
933 783 970 818 ar>
983 784 1095 820 caorvn
1108 785 1137 819 ru
1151 785 1278 819 nrnrnrrr
1293 786 1446 822 rnararro.
1471 781 1533 823 rats.

426 942 526 1010 rediit,
550 940 633 1001 libris
654 957 689 998 ac
711 938 840 999 restibus
862 937 1014 1016 splendide
1038 940 1211 1010 instructus,
1241 948 1270 1000 et
1292 942 1369 1001 inter
1385 942 1522 1003 doctores
1538 950 1722 1010 numeratur,

426 1062 546 1113 acme,
581 1042 630 1119 qni
652 1040 757 1100 melius
779 1042 862 1117 capio
885 1040 1035 1108 lasonern,
1070 1048 1137 1118 post
1163 1049 1280 1119 tergum
1309 1042 1456 1121 relinquit.
1503 1044 1527 1103 0
1556 1063 1673 1111 mores,
1704 1063 1722 1103 o

426 1145 534 1215 studia,
558 1163 576 1202 o
597 1144 739 1219 temporis
762 1143 848 1202 huius
869 1144 976 1219 capita,
1001 1144 1071 1220 quio
1087 1143 1156 1201 istas
1171 1143 1366 1220 abstergimus
1380 1144 1504 1205 nebulas
1519 1153 1548 1204 et
1563 1143 1721 1222 aliquando

357 1271 409 1321 §.²2
427 1266 527 1324 repam
550 1247 707 1306 intuemur.
753 1244 788 1303 dt
811 1242 893 1303 valde
916 1244 1032 1303 interim
1057 1263 1090 1303 ex
1115 1245 1175 1305 suis
1197 1239 1320 1304 sibiisti
1350 1247 1567 1306 commentariis
1592 1245 1720 1323 placent,

424 1349 552 1410 studium
580 1345 708 1434 alioquin
737 1345 889 1405 tractabile
916 1345 995 1404 omni
1025 1344 1147 1422 ealigine
1174 1345 1353 1405 involventes
1383 1366 1417 1407 ac
1440 1348 1604 1408 Cimmeriis
1633 1346 1745 1425 planes

422 1449 554 1511 tenebris
576 1447 730 1508 obscurius
752 1448 922 1515 reddentes„
947 1465 1071 1524 quarum
1095 1454 1127 1506 nt
1142 1447 1309 1507 densiorem
1324 1449 1389 1525 quis
1404 1448 1555 1518 nebulam,
1579 1451 1719 1510 atriorem

423 1559 541 1612 noctem
563 1549 646 1609 libris
668 1548 848 1626 digestorum
870 1547 1026 1608 admolitns
1049 1554 1105 1616 est,
1137 1549 1174 1607 ita
1199 1566 1253 1625 pro
1276 1548 1397 1609 classico
1421 1558 1523 1610 autore
1553 1550 1720 1611 celebratur

425 1661 454 1714 et
475 1653 505 1712 in
527 1651 720 1712 admiratione
742 1649 882 1709 habetur:
914 1651 996 1709 enirn
1020 1650 1096 1709 enim
1119 1647 1374 1709 lucubrationibus
1397 1669 1454 1712 non
1478 1654 1641 1712 antefertur
1664 1654 1719 1711 bc·

426 1756 541 1816 eursius
568 1754 702 1832 quidam,
736 1770 771 1811 ex
802 1752 885 1811 ouius
912 1751 1098 1810 tenebricoso
1126 1751 1244 1827 ingenio
1265 1734 1320 1811 ⁴bie
1349 1753 1459 1812 ollusns
1488 1760 1532 1812 est
1559 1754 1616 1813 iuri
1644 1753 1718 1813 cirili

355 1856 544 1930 cosdumas?
567 1855 631 1915 Non
654 1854 757 1913 iniuria
781 1852 869 1930 Igitur
891 1852 1048 1912 miserebat
1072 1859 1100 1912 te
1123 1850 1191 1910 olim
1214 1853 1286 1920 mei,
1311 1854 1371 1922 oui,
1396 1861 1427 1912 nt
1450 1854 1597 1914 studiosus
1613 1873 1752 1922 assentio

424 1958 460 2018 ad
490 1955 657 2017 huiusmodi
683 1954 811 2014 studium
840 1954 1044 2014 divertendum
1076 1961 1147 2013 erat
1193 1960 1250 2011 tem
1280 1953 1442 2014 inconsulta
1471 1964 1539 2015 sunt
1565 1955 1717 2015 liominom

423 2077 513 2138 snper
536 2058 672 2118 humanis
693 2056 796 2116 studiis
819 2055 947 2116 consilia.
986 2074 1093 2133 qirare,
1122 2061 1154 2113 ut
1177 2055 1247 2113 milri
1270 2055 1399 2125 ridetur,
1428 2058 1477 2133 qni
1499 2059 1628 2134 ingenuo
1651 2064 1718 2117 sunt

423 2162 521 2222 animo
543 2178 578 2220 ac
601 2166 681 2219 recte
703 2156 813 2227 libero,
848 2158 944 2216 omnia
974 2155 1077 2216 malint
1105 2174 1194 2233 qrram
1223 2156 1251 2214 in
1280 2157 1333 2215 bas
1362 2175 1394 2216 se
1422 2157 1575 2217 denubere
1603 2156 1716 2218 sordes.

354 2263 493 2338 §paellae
516 2281 570 2340 ego
593 2279 732 2321 accusare
754 2261 783 2319 in
810 2258 879 2328 illis,
914 2276 1080 2336 qrranqnarn
1110 2259 1288 2336 iniquissima
1318 2266 1397 2328 sunt,
1431 2277 1490 2318 non
1520 2261 1629 2328 ausim,
1663 2261 1718 2318 nisi

423 2365 545 2443 repetita
576 2362 621 2422 bis
648 2363 738 2421 reniae
768 2361 907 2438 petitione
936 2361 1075 2443 praelatus
1097 2360 1244 2419 dicturum
1267 2378 1314 2418 nie
1337 2360 1415 2437 qnod
1439 2379 1526 2420 nemo
1556 2362 1662 2419 sentiat
1684 2379 1750 2425 aen

423 2466 496 2526 nibil
518 2465 674 2524 dicturum.
720 2464 829 2523 Sumus
853 2463 930 2523 enirn
953 2459 1041 2530 nihil,
1066 2460 1166 2530 Croto,
1190 2480 1245 2521 nec
1268 2462 1349 2538 prins
1372 2461 1532 2522 desinimus
1554 2463 1625 2522 nibil
1644 2481 1717 2529 esse,

423 2585 511 2645 qnam
540 2564 667 2643 aliquam
694 2564 779 2624 nobis
807 2566 835 2623 in
864 2563 918 2623 hac
947 2562 1089 2623 eomoedia
1116 2580 1272 2638 personam
1301 2581 1492 2623 assumamus,
1544 2563 1716 2642 Quanquam

343 2654 346 2659 ’
424 2669 479 2728 nisi
501 2667 640 2727 obessent
661 2666 733 2724 milri
755 2664 861 2733 literae,
890 2672 1024 2741 poteram
1046 2664 1115 2722 satis
1138 2671 1307 2723 reverenter
1330 2663 1428 2742 Eques
1450 2666 1614 2725 Germanus
1641 2663 1718 2724 saln-

424 2770 494 2838 tari,
518 2776 548 2828 et
569 2775 601 2826 tu
617 2766 783 2827 Sacerdotis
805 2764 998 2843 appellatione
1020 2766 1090 2824 satis
1112 2764 1273 2825 honoratus
1289 2784 1367 2834 erae,
1392 2767 1446 2825 nisi
1463 2774 1491 2826 et
1506 2773 1613 2843 praeter
1629 2784 1717 2844 eqrre·

424 2878 513 2931 strem
537 2868 707 2946 dignitatern
730 2885 794 2928 esse
817 2872 970 2944 putaretur
997 2864 1097 2925 literas
1120 2865 1246 2935 discere,
1281 2874 1310 2926 et
1337 2869 1454 2945 penitus
1481 2867 1551 2927 nibil
1581 2876 1718 2945 saperent
1726 2891 1750 2930 a·

354 2972 474 3051 eosqui
496 2990 528 3031 se
551 2969 633 3030 valde
655 2970 712 3029 boe
734 2967 834 3030 seculo
857 2974 960 3046 putant
982 2984 1095 3044 sapere.
1140 2966 1175 3026 lli
1198 2975 1266 3027 sunt
1288 2969 1337 3047 qui
1361 2988 1428 3028 cnm
1451 2968 1550 3029 literas
1571 2971 1717 3047 ignorent,

422 3072 576 3134 consilinm
599 3078 696 3131 tamen
721 3070 805 3130 nobis
828 3070 897 3130 dant
920 3069 989 3147 quid
1012 3069 1127 3130 discere
1150 3076 1297 3146 oporteat,
1328 3078 1357 3130 et
1386 3071 1549 3131 studiorum
1579 3089 1718 3131 censores

421 3182 526 3254 agunt;
560 3191 687 3252 qnorum
710 3192 725 3232 a
748 3171 839 3232 titulis
862 3172 982 3249 praemia
1004 3172 1180 3240 metiuntur,
1211 3172 1253 3231 sic
1283 3171 1345 3231 lere
1376 3180 1542 3251 perferentes
1565 3172 1651 3242 ‘Orrid
1675 3179 1718 3232 est

421 3276 502 3337 istei'
525 3274 632 3354 quibus
654 3274 834 3352 respondere
856 3272 926 3334 lieet
956 3274 1074 3332 ‘lloetor
1097 3279 1154 3341 est,
1178 3272 1316 3349 Magister
1338 3281 1396 3341 est,
1426 3274 1626 3334 baculaurens
1649 3274 1717 3341 est';

352 3387 488 3448 uacant,
511 3378 535 3437 si
558 3375 673 3437 nullum
694 3378 818 3436 istorum
840 3376 947 3453 attigit,
972 3373 1047 3434 Nihil
1071 3381 1123 3433 est.
1170 3372 1271 3451 Nuper
1292 3392 1328 3434 er
1344 3375 1472 3453 quodam
1488 3393 1622 3435 meorum
1638 3393 1750 3453 quae-n

420 3481 508 3539 sitnm
532 3479 610 3539 bunc
632 3478 661 3537 in
684 3478 805 3537 rnodnm
829 3485 873 3538 est
895 3476 931 3537 ab
954 3476 1036 3535 istins
1059 3475 1250 3553 professionis
1278 3476 1412 3547 bomine,
1441 3480 1557 3538 curioso
1581 3476 1630 3536 illo
1654 3478 1718 3555 qiri·

420 3582 487 3642 dem
510 3578 669 3639 salutandis
692 3580 809 3647 amieis,
832 3597 889 3658 qna
912 3597 958 3639 me
981 3577 1102 3637 lionoris
1125 3577 1296 3653 praelatione
1319 3578 1437 3639 salutari
1467 3586 1609 3657 oporteat.
1655 3586 1717 3638 turn

422 3701 506 3744 meus
528 3682 681 3760 respondit
702 3680 833 3742 nondum
856 3679 965 3759 aliquid
988 3698 1053 3740 esse
1075 3696 1138 3737 rne:
1162 3678 1219 3738 boe
1235 3677 1335 3739 rolens
1350 3678 1462 3739 scilicet
1477 3681 1566 3739 borno
1582 3678 1716 3756 simplex,

352 3783 502 3856 §.aanollo
525 3784 695 3861 insignitum
717 3781 816 3852 titulo;
852 3782 930 3861 quod
960 3783 1030 3842 satis
1058 3782 1112 3841 luit
1139 3781 1207 3841 huie
1236 3780 1395 3841 salutatori.
1441 3781 1535 3841 llodie
1557 3783 1635 3842 enirn
1658 3799 1716 3840 non

420 3885 513 3965 qualis
536 3886 660 3964 quisque
682 3884 733 3954 sit,
757 3884 809 3944 sed
832 3903 890 3962 qno
914 3890 1035 3944 rocetnr
1056 3884 1174 3943 nomine
1197 3885 1356 3961 praescitum
1384 3884 1412 3941 in
1437 3902 1505 3942 casn
1529 3902 1562 3943 ae
1585 3884 1752 3961 pecuniis30

419 3988 517 4046 omnia
538 3987 651 4054 insunt,
686 3987 783 4045 virtuti
806 3988 959 4063 proprium
983 3992 1027 4045 est
1049 3984 1136 4054 nibil,
1171 3984 1241 4045 illud
1272 3985 1347 4062 proh
1371 3984 1486 4045 Clniste
1514 3984 1600 4053 nibil,
1636 3984 1716 4063 ‹pmd

420 4106 499 4149 rrunc
521 4088 649 4163 optimus
672 4088 795 4165 quisque
819 4093 954 4146 vocatur:
979 4105 1033 4145 cnr
1055 4087 1144 4164 igitur
1166 4105 1271 4164 sapere
1293 4087 1359 4164 quis
1374 4084 1454 4156 relit,
1478 4086 1595 4164 qnando
1611 4103 1716 4162 sapere

350 4195 551 4266 §aceruatos
573 4187 629 4247 boo
651 4194 785 4263 tempore
807 4187 951 4248 dementia
975 4189 1036 4247 est?
1059 4187 1135 4247 lline
1157 4188 1227 4247 mibi
1250 4188 1306 4248 lroc
1322 4187 1398 4249 Nilril
1422 4188 1541 4255 excidit,
1565 4194 1652 4264 atoue
1669 4186 1716 4245 bic

418 4325 621 4339 ————-

486 4410 497 4441 ⁵
531 4407 660 4467 Inuoluiit
673 4405 764 4457 studiir
783 4408 858 4457 iuris.
877 4424 957 4473 morp.
967 4409 998 4458 D.
1075 4409 1212 4472 Oymeriis
1225 4410 1259 4458 A.
1298 4405 1470 4472 CymeriisC.
1507 4406 1672 4471 Cymmerijs
1683 4408 1715 4456 D.

417 4497 428 4528 ⁷
447 4496 526 4545 libris
545 4490 724 4559 digestorum]
755 4507 777 4541 s.
797 4493 1002 4543 Pandeetarum
1022 4496 1068 4558 qui
1087 4494 1290 4559 qninquaginta
1308 4509 1420 4543 numero
1440 4494 1572 4557 optimam
1588 4492 1716 4557 Corporis

417 4583 485 4631 iuris
503 4578 595 4629 civilis
614 4594 639 4642 q.
653 4595 678 4629 r.
692 4584 799 4643 partem
819 4576 952 4627 efficiunt.
996 4578 1111 4628 authore
1125 4580 1158 4629 B.
1173 4583 1220 4629 5.·
1241 4577 1270 4610 ⁸³
1288 4575 1505 4643 Aeorrrsinslet'.
1523 4593 1606 4642 srrpra
1618 4594 1643 4641 p.
1660 4576 1715 4626 177.

418 4662 566 4716 Aeeurfius
584 4664 719 4714 tenebrio.
739 4665 858 4728 usurp-D.
940 4661 961 4695 ¹³
980 4664 1110 4715 Humano
1129 4661 1228 4714 studia.
1247 4680 1327 4728 niorp.
1340 4665 1372 4713 1).
1455 4661 1475 4694 ¹¹
1495 4659 1556 4727 ego]
1578 4678 1643 4727 ergo
1657 4665 1715 4711 Μ.

418 4748 512 4800 aulum
535 4749 702 4799 Annua.
812 4747 833 4780 ¹⁶
850 4749 945 4798 Nemo.
964 4747 1049 4798 Nihil.
1068 4750 1193 4813 morpl).
1305 4748 1325 4779 ¹¹¹
1344 4748 1453 4798 Obsnnt
1471 4747 1569 4796 literae.
1588 4750 1714 4813 marg-ll.

417 4834 562 4886 ”Doctor
580 4833 608 4884 et
624 4833 759 4901 Magister
778 4832 826 4883 est.
845 4833 1055 4883 Beceolourons
1075 4830 1123 4882 elt.
1143 4835 1262 4897 rnoer).
1326 4833 1535 4882 Baoeoloirreus
1554 4836 1612 4881 dd.
1667 4834 1716 4882 sed

417 4925 547 4985 oomrrpto
571 4921 625 4969 isto
649 4919 811 4970 llaeulourii
834 4934 855 4968 s.
876 4920 961 4967 etiam
979 4916 1123 4968 Bocnlarii
1148 4918 1237 4967 formo
1254 4918 1373 4967 Hutteni
1397 4917 1566 4982 tenrporibns
1590 4918 1716 4966 usitatis·

416 5006 488 5054 sima
511 5006 564 5054 luit
588 5009 661 5053 inter
683 5003 841 5054 monachos.
927 5002 950 5035 ²⁸
973 5019 1016 5052 me
1045 5016 1114 5053 esse.
1135 5008 1158 5052 5.
1169 5006 1192 5057 6.
1280 5001 1299 5032 ³¹
1320 5002 1394 5052 Nihil
1416 4999 1464 5051 est.
1484 5002 1568 5050 Nihil.
1588 5003 1715 5066 ororpll.

417 5086 527 5139 Ghrilte
542 5092 574 5138 A.
663 5087 715 5119 ³2³³
735 5089 777 5137 (tf.
790 5088 849 5137 Cic.
865 5087 1102 5138 a‹lfa111.vlt.28.
