4067 6209
358 789 430 865 282
507 801 615 856 CXXX.
635 817 738 857 uenum
752 818 813 854 nor.
827 818 864 855 nn
877 818 960 856 uvir.
975 818 1009 857 nu
1024 818 1118 858 suoru
1132 819 1207 858 nouo
1220 821 1263 856 se.
1277 821 1304 862 n.
1317 814 1351 859 υ.
1367 823 1429 859 ιη.
1448 813 1515 860 iuti.

357 980 422 1039 illos
441 980 503 1037 otia
525 979 573 1037 uia
595 975 720 1036 adrem
742 992 780 1035 oe
804 978 932 1051 qloriom
954 979 1131 1051 parandam
1156 980 1253 1053 maqis
1273 981 1398 1054 idoneo,
1425 981 1588 1057 siquidem
1605 981 1671 1056 ple·

358 1098 483 1155 rumque
508 1080 684 1138 nobilitatem
714 1081 794 1138 illius
819 1082 926 1138 insutoe
944 1083 1064 1155 peperit
1086 1082 1142 1140 boe
1162 1082 1327 1153 studiorum
1344 1100 1446 1158 penus
1452 1106 1466 1153 ;
1502 1085 1535 1144 in
1552 1099 1591 1143 eo
1613 1099 1670 1143 ne-

290 1184 432 1259 §.u-qaut
451 1197 617 1258 quenquam
638 1182 750 1241 absolui
767 1199 853 1256 posse
874 1185 933 1241 uisi
950 1184 1095 1257 plurimos
1117 1198 1211 1244 anuos
1228 1187 1389 1245 mundarit.
1425 1186 1476 1246 Ab
1492 1188 1669 1261 iincipitur

356 1303 423 1346 eum
446 1303 503 1345 non
526 1286 638 1344 iniuria
660 1283 835 1342 obhorreret
856 1285 1050 1344 adolescentis
1068 1288 1218 1360 inqenium
1239 1288 1409 1348 melioribus
1433 1290 1530 1349 rebus
1551 1298 1665 1360 uotum,

357 1396 453 1448 lamen
479 1394 547 1463 post
573 1388 745 1460 dequstatas
771 1387 963 1446 sebolosiieas
989 1388 1167 1463 disciplinas
1187 1392 1231 1450 sie
1251 1392 1281 1449 iu
1304 1391 1360 1451 boa
1380 1399 1522 1452 emeatus
1544 1401 1606 1466 est,
1634 1397 1685 1450 at⁵

358 1508 452 1566 neque
472 1492 659 1580 eonsuleqent
678 1506 844 1563 quenquam
866 1491 1001 1548 libentius
1023 1493 1199 1566 litiqotores,
1223 1509 1317 1568 neque
1330 1501 1478 1568 quaestum
1492 1494 1665 1555 uberiorem

355 1593 476 1666 fuceret
495 1595 650 1667 quisquam
672 1608 773 1651 eorum
795 1594 846 1666 qui
871 1592 948 1651 nibil
968 1594 1057 1652 atiud
1078 1595 1223 1667 oqebont:
1255 1602 1340 1655 tanta
1361 1602 1431 1655 erat
1451 1599 1496 1655 uis
1518 1613 1561 1657 aa
1582 1598 1664 1656 eele-

289 1698 434 1758 §.aruns
459 1696 579 1767 inqeuii.
625 1695 698 1765 (euin
728 1702 757 1753 et
780 1695 945 1753 euoluendis
970 1696 1203 1755 orthodoxorum
1229 1698 1422 1757 uoluminibus
1450 1713 1513 1757 non
1542 1713 1664 1773 sequeus

358 1814 479 1872 operam
505 1797 659 1871 impendit,
688 1794 846 1868 Arequstini
869 1797 958 1855 libros
987 1796 1036 1855 ‘de
1063 1801 1180 1858 ciuitate
1208 1797 1270 1859 dei'
1287 1800 1408 1874 publice
1433 1800 1602 1875 professus
1621 1808 1665 1860 est

359 1900 460 1959 odbue
476 1915 552 1974 pene
573 1899 743 1957 adolescens·
764 1899 911 1957 eruditoria
927 1898 1095 1973 frequenti,
1115 1918 1169 1960 nee
1186 1902 1298 1975 puduit
1317 1918 1371 1960 nee
1383 1905 1533 1976 poeuituit
1552 1914 1693 1963 sacer-¹⁰

290 2002 440 2061 §.ar-dotes
467 2017 504 2061 ae
533 2018 662 2075 seuesn
689 2004 792 2059 iuuene
815 2000 948 2074 prosouo
972 2018 1064 2060 saara
1093 2004 1217 2062 discere.
1261 2003 1385 2063 Interim
1412 2009 1442 2062 et
1471 2005 1519 2063 ad
1541 2007 1662 2080 pietatis

357 2105 484 2163 studium
501 2109 588 2162 totum
607 2105 737 2161 animum
756 2104 886 2176 appulit,
909 2083 1031 2175 aiqiliis,
1053 2106 1184 2176 ieiuniis,
1202 2105 1423 2179 precationibus
1438 2107 1572 2181 aliisque
1584 2123 1661 2167 eon·

357 2206 500 2265 similibus
519 2205 828 2280 propqmnosmutibus
846 2205 1045 2264 sacerdotium
1067 2208 1232 2266 meditans:
1264 2223 1324 2281 qun
1346 2207 1464 2281 quidem
1484 2209 1520 2266 in
1542 2225 1579 2268 re
1600 2226 1661 2269 nou

356 2313 448 2384 poulo
470 2311 542 2383 plus
568 2309 617 2365 ille
640 2306 776 2381 sopiebat
802 2323 890 2380 quam
915 2309 1054 2381 plerique
1077 2310 1126 2367 isti
1151 2311 1204 2383 qui
1229 2317 1336 2368 temere
1362 2310 1406 2367 od
1430 2315 1492 2368 tom
1526 2311 1660 2370 arduom

355 2410 570 2485 professionem
597 2411 738 2483 inqerunt
762 2425 837 2480 sese,
863 2411 943 2469 orello
969 2410 1057 2483 prius
1084 2413 1132 2469 sui
1154 2414 1290 2485 periendo
1314 2410 1416 2483 factm·
1447 2428 1547 2487 neque
1567 2416 1688 2488 quic-¹⁵

358 2528 447 2586 quam
469 2510 601 2571 obstabat
621 2528 678 2585 quo
697 2512 794 2569 atinus
813 2527 876 2569 sese
897 2511 967 2570 lenae
989 2513 1055 2569 uitae
1074 2516 1182 2584 penori
1202 2514 1379 2605 addiceret,
1392 2514 1453 2572 uisi
1470 2515 1556 2588 quod
1576 2531 1658 2575 uuo

358 2617 402 2673 ris
429 2613 607 2671 desiderium
637 2629 695 2671 non
725 2619 823 2687 posset
853 2619 1012 2680 exentera·
1046 2616 1152 2673 maluit
1182 2617 1274 2688 iqitur
1304 2616 1431 2673 maritus
1461 2632 1528 2675 esse
1558 2624 1660 2678 eastra

291 2719 448 2790 tauquam
470 2714 611 2773 sacerdos
631 2716 775 2789 impurus.
814 2713 923 2774 Tamen
944 2715 1087 2788 uirqinem
1107 2716 1197 2775 duait
1217 2714 1377 2775 admodum
1395 2719 1551 2796 puellam,
1572 2721 1659 2778 claro

355 2832 467 2890 peuere
489 2821 605 2886 uotam,
628 2816 732 2875 rudem
755 2816 869 2888 adbeee,
892 2823 990 2890 utpote
1008 2819 1077 2875 ruri
1098 2819 1176 2877 inter
1192 2825 1333 2893 parentes
1350 2835 1388 2877 aa
1405 2835 1524 2879 sorores
1540 2835 1658 2895 semper

358 2918 503 2988 babilam,
525 2933 582 2991 quo
604 2920 699 2991 maqis
715 2920 761 2978 illi
776 2921 879 2977 liceret
897 2921 980 2978 illam
1001 2919 1046 2977 od
1061 2936 1128 2977 suos
1149 2936 1245 2979 mores
1264 2923 1388 2995 sinque.
1419 2921 1684 2982 annuntiarat·

358 3020 563 3080 instruendam
590 3022 708 3080 curarit
731 3028 760 3079 et
786 3024 867 3080 omni
890 3000 1014 3080 musices
1038 3037 1148 3093 qenere
1179 3022 1296 3082 doctam
1327 3022 1474 3094 reddidit,
1505 3026 1656 3098 planeque

358 3126 445 3182 talem
463 3139 543 3197 pene
560 3125 697 3195 uiuerent
704 3169 711 3195 ,
737 3125 854 3196 quicum
875 3122 1006 3181 libuisset
1026 3122 1194 3182 tertinersnm
1216 3130 1330 3183 oetatem
1355 3125 1492 3197 eniqere,
1524 3126 1558 3183 ni
1578 3119 1663 3183 mors'

356 3230 543 3300 promoturo
559 3226 693 3299 puellum
716 3226 879 3282 sustulisset
898 3241 915 3282 e
933 3224 1043 3295 medio,
1070 3226 1125 3282 sed
1143 3227 1264 3285 enixam
1292 3226 1401 3284 liberos
1421 3228 1549 3299 aliquot,
1578 3243 1655 3301 quo-

312 3311 316 3320 '
359 3344 426 3386 rum
448 3327 550 3385 adbuc
574 3335 736 3401 supersunt
761 3328 872 3400 puellm
899 3330 972 3397 ires,
1004 3325 1229 3400 [blorqorellm,
1250 3327 1385 3403 Aloqsia,
1409 3326 1553 3405 Cecilia,]
1578 3345 1655 3403 puer

289 3435 435 3488 §.mitreus
458 3425 626 3508 [loannes]
673 3428 772 3501 b'eque
795 3429 846 3485 diu
869 3427 975 3485 coleos
999 3429 1096 3488 uiuere
1120 3433 1270 3500 sustinuit,
1302 3432 1370 3489 lieet
1396 3430 1457 3487 olio
1482 3430 1683 3488 uocantibusts

357 3534 519 3589 amicorum
540 3532 686 3589 consiliis:
719 3530 826 3603 poeuis
847 3528 993 3592 neeresibus
1014 3545 1034 3586 a
1052 3529 1164 3602 stertere
1183 3535 1287 3591 uuoris
1305 3533 1426 3590 uiduam
1449 3530 1540 3588 drmit
1558 3532 1654 3603 mame

356 3633 504 3692 euronelee
518 3630 649 3703 [cornilio
667 3645 755 3704 quam
778 3632 933 3703 uoluptati,
956 3632 1067 3705 quippe
1090 3648 1145 3691 nee
1166 3633 1272 3692 bellam
1290 3633 1465 3702 admodum,
1486 3647 1543 3690 uec
1560 3633 1653 3707 puel-

356 3738 432 3797 lum.
456 3745 486 3792 ut
504 3736 567 3807 ipse
586 3734 683 3791 ioeori
702 3735 786 3802 surlet,
808 3733 862 3789 sed
875 3747 974 3789 uerene
995 3747 1034 3790 aa
1051 3735 1218 3806 eiqtluntem
1237 3734 1511 3808 matremfamilias,
1535 3736 1653 3809 quicum

357 3845 453 3895 tuumne
463 3836 594 3911 perinde
608 3837 730 3894 copuler
747 3835 935 3907 siloeiterque
957 3835 1025 3891 uiuit
1046 3851 1083 3893 or
1098 3838 1125 3893 si
1143 3839 1245 3910 puello
1263 3819 1347 3909 soret
1362 3835 1466 3909 forrum
1488 3843 1653 3909 quantum-

289 3939 426 3999 §.utitur
447 3938 584 3996 amabili:
617 3938 668 3994 ein·
691 3937 768 3993 ullets
788 3938 913 3993 intuitus
939 3951 958 3991 n
983 3952 1039 3993 sun
1067 3944 1180 3997 tontum
1208 3938 1338 4012 obsequii
1363 3940 1504 4011 impetrat
1530 3933 1685 4012 imperioso

356 4047 445 4112 utque
465 4038 675 4099 serer·itudim·.
698 4044 840 4110 qeornturu
863 4036 912 4094 bie
933 4036 1086 4097 blanditiis
1108 4042 1244 4113 iocisque.
1282 4041 1357 4115 quiet
1375 4041 1453 4097 enim
1475 4053 1534 4098 uon
1556 4042 1655 4113 impe-

356 4150 426 4210 tret,
451 4148 644 4213 posteaquam
666 4139 778 4209 effecit,
807 4145 839 4195 ut
856 4140 963 4196 mulier
985 4141 1044 4196 ium
1067 4140 1111 4197 od
1129 4144 1243 4199 senium
1262 4157 1400 4214 rerqens,
1422 4139 1466 4197 ud
1484 4138 1541 4197 boa
1562 4140 1658 4197 animi

353 4243 475 4300 'renireirne
505 4242 614 4304 mollis,
645 4247 794 4314 postreruo
828 4240 871 4296 nd
902 4256 963 4297 rem
997 4243 1204 4312 litteratissime,
1238 4243 1372 4313 eithara,
1400 4240 1560 4311 testudine,
1589 4257 1655 4299 mo-

356 4343 506 4403 noeburtlo
526 4343 660 4416 tibiisque
683 4357 793 4400 caruere
817 4341 957 4409 disceret,
984 4348 1013 4399 et
1033 4343 1063 4399 in
1087 4343 1167 4401 bisce
1187 4344 1275 4402 rebus
1293 4343 1423 4418 quotidie
1439 4344 1654 4417 proscriptum

287 4463 457 4524 §.nuoperee
481 4462 606 4521 pensum
632 4445 765 4517 euipenti
787 4444 895 4500 ruorito
921 4441 1083 4503 redderet?
1116 4446 1266 4504 Ceirrsimili
1288 4448 1423 4504 comuote
1444 4449 1534 4502 tolum
1553 4444 1683 4515 sami-u

355 4554 427 4610 tiam
459 4550 662 4610 recudereture
679 4549 709 4605 iu
739 4562 798 4619 quo
825 4547 909 4603 rndln
938 4546 1101 4618 troquedio.
1135 4548 1218 4604 retello
1246 4550 1336 4616 riun,·
1373 4546 1474 4620 siquid
1498 4548 1653 4616 exstilerit,

354 4668 474 4678 b—---—
485 4670 513 4675 --
523 4669 558 4675 —-

425 4719 738 4785 ¹·²pleruuq¹u·i...l.6.
787 4714 958 4780 plerisque-5.
999 4711 1443 4779 ¹*Ta1neulexspectaresltaque.
1491 4712 1653 4763 duxitadm.
1705 4761 1710 4771 ,

356 4802 487 4870 qnwllusu}
503 4804 539 4852 ei.
552 4803 664 4852 llesiotl.
679 4804 748 4867 Opq».
761 4808 787 4848 et
799 4800 824 4848 d.
835 4797 894 4847 tou.
915 4790 1106 4864 Παρθενικὴν
1119 4792 1151 4848 bi
1165 4802 1276 4865 papeia,
1289 4788 1327 4857 de
1339 4788 1364 4848 κ’
1377 4787 1454 4863 ἤθεα
1466 4787 1558 4846 κεδνὰ
1573 4788 1653 4847 διδά-

357 4887 416 4954 ξῃς.
430 4889 573 4952 Virginem
587 4903 652 4935 vero
665 4887 772 4936 «loono.
787 4890 815 4931 ui
830 4898 919 4931 iussores
933 4893 1026 4931 emtus
1039 4882 1149 4932 «luceas.
1212 4883 1234 4915 ²³
1253 4884 1365 4949 aliquod
1379 4887 1403 4932 7.
1465 4879 1485 4913 ²¹
1507 4882 1653 4930 instituen-

357 4974 420 5022 dum
436 4978 459 5022 1.
507 4972 529 5003 ‘¹
543 4973 716 5021 l‘raeuominn
731 4984 791 5033 qua·
805 4968 884 5016 noeis
898 4967 1071 5022 ἰιιυΙιιείιιιιιε,
1091 4970 1132 5017 ed.
1147 4973 1169 5016 t.
1184 4984 1236 5017 uon
1249 4970 1348 5022 liabeo.
1367 4968 1416 5018 sed
1434 4967 1538 5016 hubent
1557 4969 1584 5016 2.
1597 4982 1653 5032 sqq.

357 5058 509 5108 Coeiliub.
574 5056 597 5088 ²³
615 5056 710 5107 celebs
725 5056 833 5104 imm.
887 5051 1027 5101 celebss.
1091 5050 1114 5083 ¹¹
1131 5068 1182 5102 nee
1202 5051 1297 5118 puell.]
1317 5054 1414 5103 adludit
1432 5053 1468 5101 ud
1484 5053 1548 5100 iliad
1563 5051 1654 5115 Lydia

357 5142 432 5193 bonu
451 5141 555 5209 puella.

216 4435 233 4471 k
