4067 6209
359 757 407 826 50
443 767 557 826 XXVII.
586 782 710 819 livorum
722 782 760 818 AD
772 781 956 819 uvnovlcnvtt
968 782 1003 817 DE
1014 782 1129 820 divam
1141 781 1362 818 consonarent.
1382 776 1518 823 n.tt.1v¹·
1527 774 1585 817 1515.

358 939 417 998 iam
438 936 514 997 liber
535 944 595 1006 est,
629 934 774 1015 nullisque
801 955 838 997 ne
865 937 993 997 minimis
1022 936 1140 1015 quidem
1168 934 1253 997 mabs
1279 937 1423 1000 obnoxius
1449 954 1555 999 secure
1581 936 1656 1014 agit;

361 1038 433 1101 nihil
455 1040 484 1098 in
507 1037 587 1099 illum
611 1039 728 1098 lortuna
750 1039 865 1116 imperii
893 1038 998 1109 habet,
1035 1037 1106 1099 nibil
1134 1057 1238 1100 omnes
1266 1057 1367 1109 casus;
1399 1037 1576 1118 tranquillus
1602 1044 1657 1106 est,

293 1142 406 1203 §.usui
429 1148 527 1202 cortus
550 1158 584 1200 ac
605 1138 715 1209 fldens;
738 1157 797 1199 non
820 1141 914 1218 cupit,
937 1157 997 1201 non
1018 1140 1118 1210 timet,
1146 1158 1206 1201 non
1228 1140 1354 1202 afficitur
1375 1139 1569 1221 aliquatenus.
1613 1138 1658 1200 Ne

360 1243 448 1320 igitur
470 1239 511 1300 illi
533 1260 602 1301 eum
624 1247 731 1302 statum
754 1241 866 1311 invide,
889 1243 919 1302 in
941 1261 1000 1322 quo
1022 1249 1055 1302 tu
1077 1242 1101 1301 si
1124 1260 1217 1313 esses,
1246 1242 1318 1303 nihil
1339 1246 1437 1303 minus
1452 1241 1547 1304 'velles
1568 1258 1658 1319 quam

250 1366 254 1372 ·
360 1345 390 1403 in
413 1343 489 1403 hanc
511 1343 643 1404 revocari
665 1343 836 1403 semixitam.
879 1341 941 1403 lam
963 1341 1034 1403 illud
1056 1350 1089 1404 ut
1111 1343 1309 1406 Christianum
1331 1353 1389 1415 est,
1419 1345 1457 1404 ita
1480 1343 1566 1404 nobis
1586 1357 1683 1421 per-s

361 1462 480 1506 suasum
503 1463 567 1505 csse
590 1443 692 1514 debet,
716 1463 773 1504 non
797 1445 926 1523 extingui
948 1463 1015 1505 cum
1037 1445 1213 1524 corporibus
1227 1447 1347 1507 animas.
1385 1465 1450 1524 quae
1464 1447 1489 1506 si
1503 1445 1659 1514 interirent

362 1548 463 1616 etiam,
487 1544 558 1606 nihil
580 1553 680 1606 tamen
701 1547 786 1624 peius
807 1545 918 1607 habere
939 1546 1029 1606 homo
1052 1542 1118 1625 post
1140 1555 1265 1609 mortem
1287 1554 1386 1627 posset
1409 1565 1496 1625 quam
1519 1554 1587 1607 ante
1606 1563 1658 1605 na·

361 1649 501 1709 tiritatem
524 1647 684 1709 habuisset:
708 1647 802 1709 modo.
819 1647 891 1708 nihil
913 1649 1032 1718 sentire,
1056 1647 1127 1710 nibil
1148 1667 1272 1729 prorsus
1295 1651 1407 1709 moveri
1422 1651 1488 1727 quis
1503 1666 1562 1709 nou
1577 1646 1660 1708 malit

364 1767 452 1829 quam
474 1748 630 1828 languere,
660 1750 742 1828 angi,
771 1749 892 1810 morbos
913 1751 1043 1829 perpeti,
1072 1749 1188 1822 dolere,
1218 1752 1327 1829 premi,
1360 1750 1509 1811 sollicitari
1538 1767 1574 1810 ac
1595 1768 1660 1810 mo·

294 1851 462 1932 §.salestlas
484 1851 609 1930 capere?
632 1850 706 1911 Hinc
728 1852 781 1912 luit
803 1849 851 1912 ille
873 1851 962 1912 credo
984 1853 1089 1930 priscis
1110 1852 1236 1914 sortibus
1258 1854 1360 1913 mortis
1374 1858 1695 1930 contempturum-u

363 1960 411 2015 tus
433 1954 535 2023 etiam,
559 1960 591 2013 ut
613 1939 677 2014 eam
700 1951 777 2014 ultro
800 1953 920 2032 quidam
942 1952 997 2013 sibi
1020 1956 1222 2015 consciverint.
1266 1954 1364 2015 Habes
1386 1952 1529 2032 exempla,
1552 1951 1661 2033 quibus

363 2063 393 2116 te
415 2054 590 2117 consoleris:
613 2054 673 2116 duo
694 2053 773 2117 Decii
795 2072 854 2114 non
876 2056 1004 2115 timuere
1026 2063 1217 2134 spontaneam
1239 2057 1322 2117 adire
1336 2064 1462 2116 mortem
1478 2074 1532 2132 pro
1548 2055 1660 2133 patria:

364 2157 449 2227 Cato,
472 2176 509 2218 ne
524 2157 555 2217 in
576 2157 691 2237 tyranni
714 2173 817 2216 manus
840 2154 966 2237 venirctj,
989 2156 1067 2217 ultro
1090 2176 1122 2218 se
1144 2159 1223 2219 lerro
1246 2158 1348 2219 induit.
1382 2159 1460 2219 idern
1474 2166 1546 2218 tunc
1561 2155 1661 2234 Scipio

364 2277 399 2320 ac
420 2255 510 2328 luha,
540 2266 606 2336 post
627 2257 808 2337 aliquantum
830 2258 940 2319 Brutus
962 2264 991 2318 et
1011 2258 1128 2320 Cassius
1148 2258 1291 2337 multique
1312 2259 1363 2319 alii
1384 2278 1439 2337 pro
1461 2277 1514 2320 sua
1536 2260 1662 2337 quisquc

233 2354 235 2357 ’
296 2359 510 2422 §.atrocitate
549 2359 644 2438 thue
667 2361 754 2420 etiarn
776 2361 909 2420 loeminas
924 2360 981 2421 hoc
996 2361 1099 2421 secisse
1114 2362 1202 2431 scias,
1224 2361 1376 2430 Lucretia,
1398 2360 1528 2422 Romana
1544 2358 1696 2429 mulionis

366 2459 598 2542 pudicitiae-zelo
620 2460 700 2521 hunc
721 2462 786 2522 vitae
808 2462 896 2523 duem
925 2464 1040 2532 statuit;
1074 2461 1228 2540 ssleopatra
1256 2463 1395 2542 Aegyptia
1426 2463 1577 2523 fortiorem
1605 2459 1662 2521 sibi

298 2577 357 2627 too.
367 2564 516 2625 interitum
539 2563 705 2640 usurpavit,
728 2580 817 2640 quarn
840 2563 871 2623 hi
891 2581 991 2623 mores
1012 2564 1092 2643 digni
1115 2570 1221 2624 essent.
1260 2563 1317 2626 Sed
1333 2582 1435 2624 eorum
1458 2564 1495 2625 ad
1516 2570 1546 2624 te
1568 2562 1663 2640 magis

367 2664 501 2743 exempla
523 2665 685 2741 pertinent,
709 2664 758 2741 qui
780 2683 901 2725 suorum
926 2665 982 2726 lata
1005 2684 1090 2744 aequo
1112 2667 1209 2726 animo
1237 2664 1377 2726 tulerunt.
1421 2666 1480 2726 sive
1507 2666 1597 2743 igitur
1620 2664 1662 2724 la·

368 2766 436 2827 bula
459 2773 503 2828 est
525 2767 584 2825 sive
606 2764 766 2843 legentium
787 2765 875 2826 fidem
897 2767 1029 2828 mere'tur
1051 2768 1130 2845 quod
1152 2767 1189 2827 de
1209 2767 1296 2827 'lroia
1316 2768 1458 2846 scriptum
1479 2766 1663 2846 reliquerunt

367 2876 481 2946 veteres
503 2874 636 2936 autores,
659 2881 736 2945 ponc
758 2874 827 2928 ante
849 2867 950 2930 oculos
971 2869 1023 2928 tibi
1039 2888 1140 2930 senem
1154 2867 1237 2930 illurn
1252 2869 1416 2939 Priamum,
1439 2869 1548 2947 ingenti
1562 2869 1697 2929 animun

369 2971 464 3031 edoeta
486 2971 544 3029 iam
566 2976 665 3038 aetate,
689 2987 808 3030 suarum
832 2969 959 3031 cladium
981 2978 1196 3048 spectatorem:
1225 2978 1254 3032 et
1276 2979 1360 3032 erant
1381 2972 1427 3032 hae
1449 2970 1663 3033 acerbissimas:

368 3072 438 3134 vidit
460 3073 536 3132 enim
560 3078 602 3130 tot
623 3070 750 3132 liliorum
773 3091 874 3141 neces,
908 3073 1142 3150 propinquorum
1164 3091 1199 3134 ac
1220 3091 1343 3134 suorum
1365 3075 1494 3133 omnium
1522 3079 1663 3150 stragem,

369 3194 429 3236 suae
445 3174 575 3242 civitatis
599 3175 644 3234 sui
666 3174 748 3251 regni
771 3173 926 3243 excidium,
949 3193 1070 3235 suarum
1085 3193 1174 3252 opum
1190 3173 1393 3253 direptionem,
1416 3193 1555 3252 aspersus
1576 3175 1663 3237 etiam

369 3278 514 3338 interlecti
536 3283 603 3347 ante
625 3294 657 3336 se
679 3274 729 3335 lilii
758 3277 909 3354 sanguiue.
955 3277 1025 3354 quid
1054 3275 1110 3337 dici
1132 3284 1229 3354 potest
1257 3276 1470 3338 calamitosius?
1504 3275 1543 3354 (et
1565 3282 1665 3336 tamen

371 3377 442 3439 nihil
464 3378 561 3437 animo
584 3376 723 3438 cecidisse
745 3375 860 3455 legitur,
884 3378 935 3438 sed
958 3386 990 3438 ut
1012 3379 1075 3439 haec
1096 3379 1246 3456 spectavit,
1268 3381 1307 3438 ita
1325 3380 1521 3457 imperterrite
1536 3385 1699 3438 mortemar

303 3481 462 3561 §.aeadiitl
506 3479 542 3538 At
556 3479 718 3557 Antigonus
740 3497 792 3539 rex
808 3478 960 3541 Alcinoum
975 3479 1066 3540 lilium
1089 3499 1148 3540 non
1170 3480 1264 3541 solum
1287 3500 1346 3541 non
1368 3480 1460 3549 llerit,
1483 3479 1534 3539 sed
1557 3478 1667 3538 diutius

374 3583 460 3644 etiarn
483 3599 572 3659 quam
594 3581 754 3658 sperasset,
786 3582 890 3642 vixisse
918 3580 1034 3643 locutus
1062 3589 1122 3650 est;
1156 3581 1284 3644 Pericles
1306 3582 1422 3644 duobus
1450 3580 1515 3641 liliis
1543 3580 1668 3640 orbatus

372 3684 518 3745 candidati
547 3683 675 3744 officium
702 3701 763 3743 non
789 3684 944 3744 intermisit
972 3690 1002 3744 et
1023 3691 1164 3744 coronato
1192 3686 1288 3761 capite
1317 3690 1490 3761 prosecutus
1522 3689 1568 3742 est
1595 3699 1667 3742 cou-

371 3788 496 3854 tionem;
529 3784 694 3864 Xenophon
717 3804 783 3846 cum
812 3785 904 3847 libum
932 3787 962 3845 in
990 3802 1088 3864 pugna
1118 3785 1292 3847 occubuisse
1319 3785 1489 3845 sacrificans
1516 3781 1667 3851 audiisset,

373 3905 466 3957 sacra,
490 3895 522 3947 ut
543 3895 680 3965 coeperat,
704 3889 840 3965 perlecit,
863 3906 990 3966 cumque
1013 3888 1127 3948 lortiter
1149 3888 1289 3948 cecidisse
1311 3888 1475 3947 nuntiatum
1499 3893 1591 3952 esset,
1615 3903 1702 3946 coar

375 4007 478 4049 ronam
494 4006 626 4066 quoque,
648 3997 681 4050 ut
702 3989 758 4049 sibi
780 3988 962 4059 detraxerat,
985 3990 1131 4067 reposuit;
1154 3989 1289 4051 AEmilius
1303 3987 1411 4050 Paulus
1425 3987 1544 4065 publico
1559 3986 1670 4068 gaudio

375 4091 473 4150 audita
500 4088 626 4150 liliorum
656 4109 727 4151 nece
755 4089 883 4151 felicitati
913 4110 973 4151 suae
999 4090 1219 4170 congratulatus
1248 4100 1293 4152 est
1319 4110 1354 4151 ac
1382 4089 1437 4149 diis
1463 4090 1572 4168 gratias
1598 4089 1668 4166 egit

306 4190 453 4262 §.nouo
484 4190 566 4251 illum
594 4190 760 4251 Graeculum
788 4191 991 4270 Anaxagoram
1024 4211 1268 4262 commemorem,
1302 4193 1351 4271 qui
1379 4192 1478 4252 audita
1504 4192 1582 4251 inter
1609 4190 1670 4251 dis·

376 4293 534 4354 serendum
564 4290 613 4354 lilii
642 4300 736 4355 morte
764 4310 869 4369 parum
897 4293 1041 4363 substitit,
1077 4314 1145 4355 mox
1173 4297 1203 4355 in
1226 4293 1417 4355 memorabile
1439 4290 1510 4353 illud
1533 4292 1671 4370 prorupit

307 4404 367 4455 §.³8·
378 4395 524 4456 ‘Sciebam
546 4412 594 4454 me
615 4395 750 4471 genuisse
772 4393 952 4455 mortalem'l
979 4395 1056 4456 Nihil
1078 4415 1094 4455 a
1118 4397 1223 4457 mentis
1245 4397 1405 4456 constantia
1428 4395 1548 4456 dimovit
1568 4393 1706 4455 Praex-aa

376 4516 466 4577 aspen
490 4495 663 4576 Cambyses,
686 4496 735 4574 qui
759 4514 826 4557 cum
848 4496 939 4558 lilium
962 4495 1040 4558 illius
1061 4501 1165 4577 sagitta
1187 4498 1393 4567 transfixisset,
1416 4496 1542 4557 scrutari
1557 4501 1673 4555 astante

376 4607 461 4678 patre
482 4600 578 4667 iussit,
613 4614 684 4658 unm
706 4617 758 4662 cor
779 4599 859 4676 quod
881 4600 1022 4677 petierat,
1057 4599 1242 4661 vulneratum
1269 4605 1361 4668 esset;
1394 4597 1465 4659 nihil
1493 4597 1579 4660 aliter
1599 4597 1673 4703 Por·

447 4818 468 4851 ¹³
485 4820 555 4871 item
563 4821 589 4869 3.
625 4817 646 4852 ²⁴
659 4820 695 4869 Et
707 4824 801 4870 tamen
812 4816 883 4868 nihil
896 4820 988 4869 animo
1000 4820 1116 4886 legitur,
1130 4820 1180 4871 sed
1191 4826 1222 4871 ut
1233 4821 1294 4871 baec
1305 4819 1460 4887 spectarit,
1473 4819 1516 4869 ita
1527 4818 1675 4884 imperter-

379 4906 431 4954 rite
444 4910 558 4954 mortom
571 4903 649 4954 adiit.
669 4905 792 4954 om.A.2.
805 4906 878 4955 addit
898 4902 946 4954 3¹¹.
971 4906 1020 4954 sed
1036 4905 1268 4969 aperteMriachios
1282 4906 1366 4967 salaria
1383 4911 1430 4963 est,
1449 4920 1505 4953 aava
1517 4909 1562 4952 aut
1580 4904 1674 4953 animo

379 5005 428 5038 non
445 4992 549 5053 scripsit
566 4991 695 5039 Hutteaus
712 4996 755 5038 act
772 4989 871 5039 corbum
890 4991 995 5056 aliquod
1010 4990 1119 5048 addidit,
1138 4995 1165 5037 ut
1175 5004 1192 5037 a
1203 5005 1240 5038 me
1253 4990 1365 5038 addttmn
1376 4995 1414 5038 eat
1433 4988 1572 5040 cecidisse
1583 4991 1625 5039 cel
1639 4990 1674 5038 ri·

363 5076 443 5143 «mile.
498 5074 520 5105 ²⁷
538 5073 590 5126 loc.
606 5071 762 5139 est]=ipse
775 5074 854 5125 dixit.
907 5072 930 5107 ³⁰
947 5075 1062 5139 Ouaque
1081 5075 1115 5142 A.
1123 5075 1147 5122 2.
1157 5075 1182 5120 3.
1236 5071 1256 5104 ³¹
1275 5073 1417 5136 Aemylins
1433 5074 1470 5123 A,
1519 5070 1542 5104 ⁸¹
1560 5072 1674 5125 alterA.
