4067 6209
354 763 427 839 352
465 781 600 853 CLXVII.
613 795 696 831 uvrr.
706 794 820 830 aarum
830 792 860 829 rr
870 790 955 828 onia
974 774 1125 827 cunm
1138 791 1319 828 mortario
1329 790 1556 828 maxumas.

353 971 502 1012 summurn
532 954 589 1011 hm
615 950 819 1010 conscenderit
841 948 1001 1028 tyrannidis
1023 946 1111 1007 huius
1131 955 1308 1023 grassatura.
1355 948 1425 1008 Boc
1450 948 1547 1009 faeie
1570 957 1602 1009 et
1624 969 1669 1009 ra·

353 1052 419 1113 lete,
465 1053 545 1113 inter
567 1052 757 1132 equitandum
781 1050 825 1110 tl.
850 1049 947 1110 (alen.
972 1050 1055 1109 Iunii.
1077 1051 1163 1109 Anno
1185 1048 1339 1109 MXXX.

506 1153 573 1214 I'ive
596 1154 738 1214 Libertas,
830 1172 837 1183 ·

850 1272 948 1313 mern
971 1273 1032 1313 nsr
1054 1272 1147 1312 annu.

889 1691 1102 1766 CLXVIII.

533 1866 795 1924 EXHORTATIO
817 1867 869 1921 ΑΙ)
892 1866 1109 1923 GERMANOS
1135 1865 1187 1921 VT
1205 1863 1480 1921 nnslnlseanr

732 1958 778 2000 er
803 1959 936 2000 rerrsro
955 1959 1067 2001 coerce
1086 1958 1263 2000 nasonem.

439 2071 658 2143 Compatiumini
680 2072 842 2141 vobisipsis,
865 2072 1001 2126 attendite
1024 2076 1052 2125 et
1074 2070 1178 2135 ridete,
1201 2070 1343 2140 quinceu
1366 2067 1519 2124 bocum
1536 2087 1598 2141 pro
1617 2070 1662 2125 dis

351 2156 442 2212 babiti
463 2158 544 2229 apud
564 2156 654 2211 Italos
676 2157 756 2210 ducti
776 2157 883 2209 clausis
904 2157 993 2210 oculis
1015 2157 1045 2209 in
1067 2155 1230 2209 servitutem
1252 2154 1320 2207 estis
1341 2154 1473 2208 mirabili
1495 2157 1659 2226 sapae-itate

351 2249 378 2296 et
401 2242 493 2297 uerbis
515 2244 592 2297 omni
614 2242 738 2295 uersutia
759 2247 786 2294 et
813 2240 969 2294 ealliditate
991 2240 1103 2310 plenis,
1133 2241 1254 2309 speciem
1282 2238 1349 2292 boni
1374 2241 1549 2294 extrinsece
1578 2249 1690 2294 men—n

351 2327 500 2393 tientibus,
535 2328 625 2391 unde,
660 2328 765 2379 misera
793 2324 964 2391 Germania,
1000 2324 1140 2395 quomodo
1166 2325 1237 2378 deus
1263 2323 1439 2393 compotitur
1469 2325 1667 2394 oppressioni

352 2417 422 2478 tuoe,
456 2427 541 2481 quam
568 2418 690 2481 propter
711 2425 775 2464 eum
798 2411 853 2463 ista
881 2411 1047 2464 iamdudum
1073 2423 1164 2478 passa
1191 2423 1237 2475 es,
1267 2405 1358 2478 saeile
1385 2408 1529 2474 credens,
1562 2408 1656 2462 subito

352 2497 499 2562 obediens,
533 2496 627 2550 omnia
655 2496 688 2550 ob
716 2496 764 2549 dei
791 2496 917 2549 timorem
947 2495 1127 2549 adsalutem
1154 2493 1319 2548 necessaria
1345 2492 1530 2547 existumans.
1577 2492 1655 2547 Ecce

351 2582 407 2635 ium
423 2580 466 2634 bis
480 2581 629 2635 concilium
647 2581 686 2633 ud
699 2586 796 2633 terras
811 2587 877 2634 tuos
897 2586 1102 2650 conprepotum
1122 2586 1179 2646 est,
1202 2585 1233 2632 ut
1255 2577 1387 2643 oudnes,
1410 2591 1537 2647 saperes
1558 2583 1590 2631 et
1611 2577 1654 2630 in-
1685 2595 1690 2608 ·

352 2665 493 2734 telliperes
521 2665 659 2735 quomodo
687 2665 837 2732 deciperis.
889 2663 972 2734 Sapo
998 2666 1107 2734 soepius
1134 2670 1201 2717 ante
1228 2663 1323 2717 oculos
1355 2667 1419 2715 tuos
1450 2663 1571 2733 reponit
1603 2672 1683 2716 co-rs

351 2749 489 2813 lumnius,
523 2749 688 2814 servitutes,
722 2749 889 2802 exactiones
916 2756 944 2803 et
971 2755 1075 2804 cuncto
1104 2765 1169 2818 quoe
1196 2748 1299 2802 iniuste
1327 2746 1454 2815 pateris,
1489 2752 1523 2799 ul
1544 2751 1574 2800 te
1597 2763 1651 2801 non

350 2833 489 2901 superbe,
517 2833 570 2886 sed
590 2832 737 2901 sapienter
759 2838 786 2886 et
813 2834 1023 2887 rationabiliter
1052 2847 1140 2887 eruas
1166 2846 1220 2902 ope
1248 2837 1277 2885 et
1304 2831 1447 2885 adiutorio
1476 2831 1652 2886 uniuersalis

351 2917 471 2972 concilii.
515 2915 682 2971 Mirandum
705 2931 796 2987 supra
819 2919 932 2971 modurn
955 2918 1032 2988 quod
1059 2917 1254 2988 oppressionis
1279 2917 1426 2970 immemor
1453 2929 1495 2969 es.
1541 2914 1650 2971 Recor-

351 3003 423 3056 dare
446 3003 495 3071 qui
517 3003 546 3055 in
569 3002 640 3056 urbe
656 3000 787 3056 Romanu
810 3004 977 3057 cardinales
992 3008 1043 3056 orit
1054 3003 1186 3072 praeloli,
1209 3008 1237 3055 et
1251 3007 1385 3056 neutrum
1401 2999 1582 3055 Germanum
1605 3014 1649 3054 re·

347 3089 446 3158 peries
467 3088 605 3157 cuiusque
628 3089 818 3157 reputationis
840 3088 962 3142 oliorum
986 3094 1128 3157 respectu.
1173 3084 1341 3141 Recordare
1357 3087 1407 3157 qui
1419 3087 1501 3139 serui
1514 3091 1543 3139 et
1560 3082 1679 3156 sami-n

350 3173 453 3238 liures,
476 3174 526 3242 qui
539 3187 687 3227 serranum
703 3174 794 3241 serui,
817 3174 955 3242 pirinaei,
979 3173 1030 3243 qui
1039 3174 1165 3242 pistores
1186 3172 1391 3237 cardinalium,
1414 3171 1465 3240 qui
1484 3170 1648 3235 stabularii,

350 3259 401 3327 pui
421 3256 677 3328 hydriopliylooes,
701 3258 751 3329 qui
771 3272 926 3328 apasones,
956 3258 1006 3328 qui
1027 3258 1178 3323 muliones,
1208 3261 1234 3309 et
1257 3258 1385 3326 reperies
1407 3268 1506 3310 omnes
1529 3254 1648 3309 Germa·

350 3357 417 3398 nos,-
445 3343 539 3396 omniu
562 3350 655 3396 autem
679 3343 893 3411 despectissima
915 3339 1014 3413 officia
1038 3342 1087 3395 tibi
1107 3343 1192 3412 quasi
1213 3341 1247 3395 ab
1268 3340 1321 3395 boc
1336 3341 1431 3395 nescio
1446 3356 1504 3411 quo
1518 3338 1648 3410 infausto

350 3428 441 3481 omine
464 3428 598 3483 damnato
620 3432 783 3481 seruantur.
830 3425 926 3496 Capito
950 3428 989 3480 ad
1010 3427 1081 3497 quid
1106 3426 1168 3481 boee
1197 3440 1286 3480 onero
1315 3426 1455 3484 sustinear
1485 3439 1583 3479 nonne
1611 3425 1649 3479 od

349 3512 438 3567 solum
462 3513 690 3582 consequendum
713 3512 922 3581 beneficiolum,
943 3510 1023 3582 sorte
1045 3513 1085 3565 od
1102 3510 1302 3582 fundationem
1323 3517 1479 3580 parentum
1503 3516 1555 3563 aiut
1577 3512 1676 3563 orni-²⁶

349 3613 448 3652 corum
472 3604 601 3653 tuorum.-
624 3612 675 3652 nec
695 3613 752 3666 pro
767 3597 813 3651 bis
827 3597 956 3652 onmibus
971 3597 1124 3651 sudoribus
1139 3598 1196 3650 tuis
1207 3595 1297 3667 focile
1312 3596 1506 3666 consequeris.
1537 3592 1645 3665 Super·

349 3689 392 3737 est
414 3689 445 3737 ut
467 3682 575 3753 affluat
596 3683 685 3737 sudor
704 3688 860 3752 parentum
883 3689 1013 3749 tuorum,
1037 3689 1064 3736 el
1086 3683 1121 3736 de
1143 3682 1303 3736 substantia
1324 3695 1378 3736 suo
1400 3680 1559 3750 soepnsime
1579 3696 1644 3735 con·

349 3768 477 3823 tribuant
499 3768 718 3835 mediatoribus,
747 3785 868 3838 quorum
891 3769 984 3823 studio
1005 3767 1143 3837 beneficio
1161 3768 1327 3836 pernicioso
1348 3766 1429 3820 titulo
1451 3767 1643 3836 consequeris,
1706 3813 1711 3818 .

349 3949 499 3999 (tuxvlll.
531 3950 600 3999 Haeo
618 3949 783 3999 Exhortatio
801 3954 865 4014 post
881 3948 1006 3998 libellum
1026 3948 1061 3997 ab
1080 3948 1299 3998 Eschenieldero
1322 3947 1538 4013 (Ciuicampium
1561 3962 1642 3998 vocs·

349 4034 390 4082 vit
404 4034 544 4096 Ernsnuia)
563 4034 633 4083 dono
646 4034 741 4082 datum
754 4035 878 4083 Hntteno
897 4034 925 4082 in
945 4033 1071 4099 exemplo
1091 4034 1137 4083 eit.
1158 4032 1227 4095 (Ind.
1242 4032 1310 4082 bibl.
1321 4049 1347 4082 n,
1361 4033 1461 4082 XXIX.
1476 4031 1513 4095 1.)
1531 4031 1641 4098 legitur.

350 4117 465 4166 eandem
483 4133 538 4167 non
556 4123 613 4166 tam
631 4116 744 4182 propior
762 4126 952 4182 argumentum
972 4118 1006 4167 ad
1030 4119 1195 4183 gravamina
1217 4119 1339 4169 nationis
1358 4117 1533 4167 Germanicae
1556 4122 1642 4167 totum

348 4205 493 4266 spectans,
514 4202 650 4266 longoque
671 4202 804 4252 fervidius
822 4202 858 4251 ab
877 4203 1001 4253 Hutteno
1021 4219 1082 4274 eum
1102 4204 1183 4268 epist.
1202 4203 1229 4252 d.
1242 4201 1284 4252 29.
1298 4202 1373 4268 Sept.
1390 4218 1415 4251 a.
1432 4200 1505 4252 1520.
1526 4202 1640 4267 scripta,

348 4291 404 4335 tum
424 4287 450 4334 in
468 4291 597 4352 poemate
618 4286 678 4350 (lap
695 4287 745 4335 ond
761 4302 914 4352 oornuonnnp
933 4293 1095 4348 tractatum,
1123 4303 1204 4352 quam
1222 4294 1335 4354 proptor
1358 4287 1469 4337 dicendi
1494 4301 1584 4351 genus
1608 4286 1641 4334 ab

347 4371 464 4420 liutteni
483 4371 607 4422 dictione
627 4370 826 4421 alienissimum
844 4372 925 4421 huius
943 4372 1008 4422 stilo
1027 4373 1152 4437 quamvis
1171 4374 1337 4423 Meinorsius
1356 4370 1570 4435 (Lebenobesclir.
1590 4371 1639 4419 111.

347 4473 373 4522 p.
390 4455 445 4506 105.
460 4462 516 4506 ruet.
530 4453 554 4517 *)
568 4457 762 4519 vindicaverit,
783 4458 892 4506 omnino
906 4457 1123 4507 abiudicandam
1141 4472 1203 4507 esse
1222 4472 1335 4519 censeo,
1360 4461 1391 4505 nt
1409 4456 1495 4506 etiam
1514 4456 1577 4520 ipsa
1596 4455 1640 4505 ad-

667 4542 833 4592 hortationis
852 4543 997 4607 inscriptio
1017 4542 1179 4591 abiudieare
1200 4542 1318 4593 videtur.

413 4677 512 4730 ⁸Vivo
530 4679 590 4747 lita]
611 4682 647 4731 cs.
663 4698 706 4747 ep.
726 4681 761 4731 nd
774 4679 888 4729 Luthor.
907 4678 1045 4728 d.4.1un.
1065 4677 1138 4727 1520.
1157 4680 1299 4743 serIptam.
1367 4674 1379 4708 ⁴
1396 4677 1476 4725 lacta
1496 4692 1520 4725 e.
1540 4674 1578 4743 a.]
1598 4678 1642 4727 Ita

347 4763 441 4814 Censor
455 4765 624 4816 Rubiconem
635 4771 848 4816 transcensunis
862 4763 1040 4814 exclamavit.
1059 4753 1234 4828 Ἀνερρίφθω
1246 4754 1347 4828 κύβος·
1365 4758 1520 4826 προοίμιον
1536 4754 1571 4811 τὸ
1583 4778 1641 4813 aoi-

348 4843 400 4897 νὸν
412 4850 472 4907 τοῖς
485 4844 526 4908 εἰς
538 4843 625 4915 τύχας
636 4841 821 4916 ἐμβαίνουσιν
833 4840 961 4914 α’πόρους
972 4845 1023 4898 nat
1035 4840 1149 4913 τόλμας.
1168 4848 1309 4900 Plutarch.
1324 4849 1353 4897 in
1366 4846 1417 4896 Iul.
1432 4846 1503 4895 Caes.
1518 4845 1560 4897 3⁶2.

414 4932 432 4965 ¹¹
454 4931 714 5000 ‹liioniodo]q1iort.
769 4934 789 4969 ¹⁴
807 4933 860 5001 bis]
880 4935 1054 4985 Constantino
1073 4933 1258 4998 anileoeque.
1316 4930 1338 4964 ¹²
1356 4927 1444 4995 hyda]
1463 4930 1643 4997 hydrophila-

347 5020 389 5065 tes
403 5019 435 5067 Α.
466 5009 677 5084 ὖὸροφύλακες,
692 5037 824 5085 aquarum
837 5022 965 5071 custodes
978 5023 1040 5069 nulli
1049 5026 1123 5076 sunt,·
1135 5010 1356 5084 ὁδριοφύλακες,
1369 5032 1497 5068 vasorum
1510 5018 1644 5068 eristodes

345 5101 459 5165 intellept
473 5111 592 5167 apparet.
668 5101 690 5136 ²⁸
709 5104 809 5172 amiud]
828 5124 861 5155 ara
879 5106 1007 5156 nomine?
