4067 6209
400 745 474 821 274
631 755 767 812 (txxvu.
788 773 910 812 necarer
924 773 961 812 ao
973 772 1106 811 sansacu
1120 773 1182 810 noc.
1197 773 1240 811 re.
1253 771 1279 811 o.
1293 767 1315 810 s.
1330 771 1390 812 rra.
1408 765 1472 810 isit.

401 942 533 1016 oportet,
557 934 604 993 cui
628 933 753 993 infinitas
777 931 839 992 illas
862 933 1036 992 committas,
1084 951 1183 992 rerum
1208 930 1418 1011 decoquent
1448 930 1515 997 huc
1546 947 1618 991 ciam
1640 925 1715 988 libro

400 1037 525 1118 principi
542 1036 692 1095 offerendo
709 1037 824 1098 misisti.
849 1033 919 1093 nihil
936 1041 980 1093 est
995 1035 1073 1114 qcrod
1090 1033 1230 1094 sollicitus
1246 1036 1300 1094 sis:
1324 1035 1424 1094 omnia
1439 1031 1580 1112 pertulit.
1619 1049 1714 1109 neque

401 1156 456 1215 ego
478 1138 597 1212 segnius
625 1154 688 1196 rem
716 1137 815 1195 curavi
839 1143 934 1201 tuam.
965 1142 993 1194 et
1021 1138 1186 1215 principem
1214 1135 1304 1196 lialrui
1332 1136 1368 1196 ad
1398 1136 1427 1196 id
1456 1135 1629 1211 negocium
1656 1130 1713 1191 ala·

344 1257 491 1306 §.acrem
535 1238 599 1298 Non
623 1237 728 1310 cigctliat
750 1238 900 1314 praconia
923 1255 990 1296 mco
1012 1244 1095 1297 tuum
1118 1237 1390 1307 nruuus,·orriahat
1412 1238 1517 1316 ipsum
1541 1241 1641 1294 semet
1662 1232 1711 1293 ab·

400 1342 493 1402 irride:
529 1349 561 1399 ut
582 1338 707 1414 legendo
730 1345 934 1415 percurrerat.
966 1337 1019 1397 ‘En
1043 1338 1170 1413 ‹lignam'
1199 1340 1292 1416 iuquit
1319 1339 1453 1400 ‘Erasmo
1478 1337 1563 1397 rem!
1590 1337 1645 1408 sic
1666 1333 1729 1395 illes

402 1450 432 1502 ut
455 1443 503 1501 diu
527 1440 629 1504 iaciat.
654 1439 702 1499 eliu
726 1438 812 1498 nidus
834 1439 984 1517 supersitt'
1019 1448 1215 1520 precatusque
1238 1446 1282 1499 est
1304 1440 1474 1500 felicitatem
1498 1436 1554 1498 tibi
1579 1453 1709 1504 omnem,

400 1543 506 1621 plenus
528 1543 645 1619 optimae
668 1541 704 1600 de
727 1547 755 1599 tc.
778 1542 855 1619 spei;
892 1543 1000 1620 quippe
1023 1540 1157 1618 intelligit
1179 1560 1266 1621 quam
1294 1549 1325 1602 tu
1350 1542 1448 1602 lucem
1472 1539 1601 1604 studiis,
1631 1536 1708 1618 quod

345 1666 391 1714 aa.
401 1645 538 1704 studiosis
561 1641 748 1702 eonmrodum
771 1642 900 1702 invehas
946 1642 1032 1702 Venit
1059 1649 1126 1721 post
1155 1644 1302 1710 Stcnmec,
1332 1660 1400 1703 nam
1423 1643 1452 1701 in
1477 1640 1616 1700 Saxonia
1640 1657 1708 1698 uxo·

402 1763 465 1805 rem
494 1745 618 1804 duxerat
648 1761 743 1821 neque
771 1745 867 1803 statim
897 1751 1040 1823 sequutus
1068 1753 1132 1804 erat
1159 1745 1270 1813 aulam,
1305 1746 1355 1823 qui
1386 1761 1455 1802 cum
1490 1725 1543 1802 tua¹
1580 1740 1708 1820 alioquin

402 1848 499 1906 omnia
522 1847 615 1920 magis
637 1863 725 1923 <picam
749 1845 850 1903 credat
872 1844 976 1923 aliquis
999 1846 1175 1914 admiretur,
1206 1854 1267 1906 tum
1294 1845 1339 1906 rel
1367 1845 1514 1923 imprimis
1544 1844 1609 1904 lioc
1637 1856 1736 1921 opust·

345 1969 391 2017 §.a
402 1950 514 2009 adorat.
560 1948 749 2021 Gregorium·
767 1946 915 2025 Cirpipmm,
951 1946 1077 2007 alterum
1110 1949 1252 2025 principis
1284 1946 1445 2014 medicum,
1481 1945 1583 2005 iecisti
1617 1950 1708 2003 totum

401 2051 600 2110 Erasmicum:
635 2047 724 2108 lraliet
746 2054 811 2106 tricis
833 2047 951 2107 lalmces
973 2051 1002 2108 in
1025 2049 1162 2109 manilms
1184 2067 1316 2127 semper,
1346 2048 1475 2127 legitque
1505 2054 1541 2107 ut
1564 2048 1614 2106 vix
1637 2044 1707 2105 alius

402 2153 493 2212 arida
539 2151 602 2209 lloc
625 2151 744 2209 nomine
766 2151 935 2209 irascuntur
957 2149 1009 2209 tilii
1033 2149 1130 2214 nmlti.
1161 2150 1241 2229 quod
1264 2170 1298 2210 ex
1322 2149 1441 2209 Medicis
1470 2151 1557 2209 aiunt
1581 2146 1707 2207 Theolo-

403 2272 456 2330 gos
479 2254 577 2312 lace-re
600 2259 637 2310 tc.
676 2252 733 2310 iam
756 2258 785 2309 et
807 2250 1017 2310 lurocousultis
1040 2252 1180 2311 molestus
1203 2271 1235 2311 es
1258 2252 1400 2330 quosdam
1415 2269 1432 2309 a
1447 2248 1598 2311 Bartholo
1613 2255 1706 2308 trans

402 2373 504 2413 versos
526 2370 631 2428 agens,
656 2353 706 2430 qui
728 2354 757 2412 iu
781 2354 837 2412 tuis
859 2371 938 2412 neum
961 2355 1090 2413 cillantur
1111 2353 1215 2413 relicto
1237 2354 1353 2431 penitus
1375 2350 1449 2410 ioco.
1496 2339 1627 2411 eandem
1649 2347 1734 2408 cla-u

404 2457 471 2516 dem
494 2453 751 2529 Tireologistarum
772 2455 868 2513 studio
891 2474 959 2514 cum
982 2454 1129 2516 intuleris.
1160 2455 1256 2514 adlmc
1277 2454 1393 2513 miraris
1416 2453 1550 2532 quodie
1574 2448 1707 2511 oderint?

348 2557 515 2620 §.arccana
537 2558 634 2633 ipsum
657 2556 713 2614 hoc
735 2575 790 2614 suo
813 2555 939 2633 quodam
963 2557 1043 2615 iure:
1073 2574 1141 2614 narrt
1164 2555 1241 2616 bene
1263 2574 1332 2615 raro
1354 2553 1466 2614 iaciunt
1481 2552 1605 2632 aliquid.
1640 2551 1705 2612 Fuit

405 2665 497 2717 totum
526 2657 573 2716 liic
603 2675 734 2716 mensem
760 2675 878 2725 rumor,
908 2664 936 2717 et
959 2657 1049 2716 credo
1072 2658 1108 2716 ad
1133 2676 1183 2717 ros
1205 2677 1299 2736 usquc
1321 2657 1470 2735 pervenit,
1500 2655 1530 2713 iu
1554 2652 1634 2714 bello
1657 2668 1705 2710 oe·

405 2758 541 2818 crubcruse
568 2777 626 2817 mc.
673 2760 727 2818 lroc
756 2759 795 2818 illi
824 2758 1008 2828 exultabant,
1027 2759 1096 2821 ‚lroe
1125 2759 1352 2837 triumphabant.
1398 2757 1504 2836 quodsi
1534 2757 1606 2836 quid
1636 2753 1704 2814 milri

407 2859 573 2928 accidisset,
597 2860 830 2921 ce1·turcrlrabeo
854 2872 879 2921 ‘a
896 2861 1011 2920 Christo
1034 2860 1091 2919 hoo
1115 2862 1285 2938 impetrasse
1306 2858 1346 2919 se’
1370 2859 1502 2918 dicturos
1517 2856 1624 2917 irrisae:
1650 2857 1732 2916 iama

350 2964 469 3027 §.ascio
500 2963 576 3020 enim
606 2961 681 3021 analo
710 2964 825 3039 peccari
853 2961 948 3023 alubis.
995 2962 1066 3038 Legi
1089 2961 1237 3039 dialogmn
1260 2962 1372 3026 Latomi
1400 2968 1430 3020 et
1458 2960 1518 3020 risi.
1566 2957 1611 3018 'lu
1637 2975 1703 3016 cero

475 3213 482 3245 ¹
504 3217 696 3265 eonunitasri.
750 3213 814 3280 huc]
834 3216 885 3265 hoc
900 3220 926 3265 d.
984 3214 1245 3279 ³ncgotium2...i.
1304 3215 1522 3280 ¹prmcatusquo
1537 3213 1600 3263 M.
1654 3209 1703 3259 tibi

408 3301 455 3352 iel.
472 3304 532 3350 Η.
585 3300 813 3350 ⁹secutus2...i.
868 3304 1127 3366 (pluuii...4.etaic
1144 3307 1169 3353 ia
1187 3321 1244 3369 sqq.
1298 3299 1319 3332 ¹⁰
1338 3299 1436 3349 credas
1449 3301 1523 3348 2...r.
1580 3296 1704 3362 inprimis

409 3390 482 3435 2...4.
538 3385 558 3416 ¹¹
577 3385 778 3435 Bartolot...d.
839 3384 1098 3435 1·’·Εῑιιιιι1ειιι2...4.
1157 3386 1177 3417 ¹⁹
1197 3386 1374 3436 exsultabant
1386 3388 1461 3435 2...d.
1520 3380 1543 3415 ²¹
1563 3399 1598 3432 nn
1619 3393 1704 3430 ruerit

410 3486 587 3530 craterarum,
607 3469 629 3518 a
643 3469 725 3533 itudij
739 3466 931 3535 raso-inoorcr
946 3472 1054 3519 ratione
1067 3486 1215 3530 nranoovs,
1230 3473 1285 3520 Per
1296 3469 1429 3536 ricoluvu
1442 3472 1598 3530 hammum,
1618 3466 1703 3515 Theo·

409 3557 493 3621 logice
516 3555 519 3619 l
552 3570 752 3605 arerurmrru.
770 3554 773 3617 Ι
791 3553 833 3619 [au
851 3554 1184 3621 pagg.in4⁰.s.l.&a.]
1226 3557 1311 3605 Liber
1334 3570 1387 3602 non
1410 3555 1470 3602 sine
1496 3553 1611 3618 ingenio
1636 3566 1703 3600 com·

409 3643 515 3706 positus
534 3640 643 3688 dicatus
663 3645 706 3687 est
725 3639 861 3687 cardinali
875 3639 1025 3689 (luillcrmo
1044 3640 1078 3688 de
1097 3640 1161 3688 Croi
1181 3638 1228 3704 [of.
1242 3655 1326 3705 cupra
1345 3656 1370 3703 p.
1383 3636 1464 3703 Quill.
1481 3639 1516 3687 tn
1535 3652 1591 3701 qua
1609 3636 1703 3702 praeia-

410 3725 485 3774 tione
499 3729 596 3772 auctor
608 3724 709 3788 gaudio
723 3725 831 3788 quidem
845 3740 873 3772 sc
889 3723 965 3772 uiiici
979 3724 1063 3785 dicit,
1084 3725 1176 3787 „quod
1189 3723 1320 3773 liberales
1334 3723 1498 3788 disciplinas
1511 3722 1633 3784 renasci,
1652 3725 1704 3770 stu·

411 3810 479 3872 „diu
496 3810 605 3873 vigere,
630 3808 726 3857 doctos
750 3808 892 3867 honorari,
960 3808 1055 3856 lrorum
1074 3810 1210 3857 industria
1229 3810 1314 3857 bonos
1334 3814 1446 3857 autores
1465 3808 1493 3855 in
1511 3807 1603 3856 lucem
1623 3820 1704 3854 emer·

410 3897 514 3958 „gere”
534 3893 641 3953 videat,
661 3894 755 3941 dolere
769 3898 866 3941 contra
879 3892 969 3955 „quod
983 3894 1036 3941 viri
1050 3893 1159 3957 qaudam
1174 3894 1274 3941 eruditi
1287 3893 1367 3957 lapsa
1385 3892 1479 3940 studia
1497 3892 1595 3940 iuvare
1616 3888 1706 3938 eonati

411 3994 486 4039 „non
504 3979 546 4025 aie
565 3978 657 4025 stilum
676 3982 877 4042 temperarent,
903 3983 932 4025 ut
950 3977 1012 4025 dum
1032 3977 1106 4026 mala
1125 3978 1269 4039 auferunt,
1289 3978 1361 4026 bona
1380 3992 1433 4025 non
1453 3975 1573 4035 laedant,
1593 3988 1646 4023 nee
1664 3988 1704 4021 sa·

411 4063 467 4121 „tis
481 4067 621 4122 caverant,
641 4077 679 4110 no
688 4068 719 4109 ut
732 4063 773 4109 ait
785 4063 923 4114 Lucanus,
945 4061 1063 4110 excedat
1075 4061 1214 4110 uredicina
1226 4062 1334 4110 modum
1400 4060 1461 4109 Hoc
1474 4059 1611 4123 siquidem
1624 4061 1708 4123 agerat

412 4161 494 4200 ..inea
513 4146 653 4194 sententia
673 4147 718 4208 qni
738 4146 805 4193 iuris
824 4146 962 4193 stridiosos
988 4160 1004 4192 a
1023 4145 1111 4194 Baldo
1137 4151 1165 4193 et
1184 4146 1315 4195 Bartlrolo
1339 4149 1481 4202 avertunt,
1506 4148 1592 4207 atque
1616 4143 1704 4207 legum

412 4229 553 4290 „studium
571 4230 612 4277 sic
632 4231 672 4277 eis
692 4229 896 4291 commendant,
922 4235 952 4277 ut
976 4229 1037 4277 eius
1060 4231 1145 4278 studii
1164 4231 1282 4295 optimos
1300 4231 1398 4290 duces,
1424 4229 1495 4293 quod
1513 4229 1557 4276 aui
1577 4227 1705 4292 temporis

411 4313 528 4378 „lingua
546 4313 653 4377 loquuti
672 4327 767 4377 pirrum
785 4313 882 4361 Latini
901 4314 1060 4371 rideantur,
1087 4314 1232 4376 reiiciant,
1257 4316 1304 4379 qui
1328 4318 1356 4363 et
1379 4313 1529 4377 theologice
1549 4312 1705 4362 candidatio

413 4414 568 4460 „canonem
592 4404 752 4446 suammet
775 4397 919 4463 theologos
944 4403 1055 4447 veteres
1074 4400 1115 4447 ita
1133 4399 1300 4464 praedicant,
1321 4405 1351 4447 ut
1370 4414 1417 4447 cos
1436 4415 1453 4447 a
1470 4398 1592 4459 Thema,
1617 4397 1704 4447 Bona·

413 4489 564 4547 „ventura‚
589 4482 746 4531 Alexandro
765 4488 793 4530 ct
811 4483 948 4532 similibus
968 4497 1077 4547 prorsus
1097 4489 1228 4545 avocent,
1250 4488 1400 4547 censentes
1418 4482 1569 4531 manifeste
1589 4497 1652 4531 eam
1668 4482 1705 4530 vi·

413 4575 470 4631 „tae
488 4574 595 4633 partem
614 4570 751 4634 perditam
770 4585 831 4634 quoe
850 4569 913 4617 istis
932 4567 1126 4631 irnpenditur.”
1147 4594 1179 4602 -
1203 4570 1244 4617 De
1263 4568 1307 4617 hia
1326 4568 1385 4616 iere
1404 4567 1573 4632 inidialogis
1591 4570 1650 4616 tres
1668 4567 1705 4614 iu·

413 4670 499 4705 renes
517 4654 687 4703 disserentes
699 4654 806 4703 inducit
819 4656 959 4704 Latomus.
996 4652 1024 4700 ls
1042 4652 1174 4714 Lovauii,
1194 4653 1242 4701 ubi
1256 4652 1449 4702 canonicatum
1462 4651 1574 4713 habuit,
1595 4666 1622 4700 a.
1637 4649 1707 4699 lau.

416 4744 538 4787 mortuus
558 4745 608 4786 cst.
645 4741 756 4803 Scripta
775 4738 1052 4788 eiusluc.Latomos
1076 4738 1167 4786 iunior
1190 4737 1261 4785 edid.
1277 4736 1399 4786 Coloniae
1423 4751 1449 4784 a.
1465 4734 1538 4784 1550.
1564 4735 1593 4783 in
1611 4733 1660 4783 sol.
1678 4758 1707 4767 -

416 4824 458 4872 lle
477 4824 520 4872 liis
538 4824 712 4872 Latomianis
735 4824 855 4886 dialogis
873 4823 900 4870 ll
918 4823 1050 4870 Erasmus
1070 4821 1104 4868 ud
1122 4821 1235 4869 Petrum
1252 4821 1435 4870 llloscllanum
1459 4821 1541 4884 (Epp.
1554 4820 1665 4869 Erasmi
1677 4820 1707 4869 L.

416 4908 447 4956 B.
466 4905 538 4955 troo.
554 4907 601 4956 iol.
620 4925 646 4972 p.
661 4906 731 4960 toan
755 4908 852 4967 „Exiit
875 4921 963 4971 nuper
985 4905 1084 4968 vulgus
1109 4910 1135 4953 et
1160 4905 1232 4968 apud
1255 4921 1305 4954 nos
1328 4905 1456 4969 dialogus
1478 4904 1578 4954 Iacobi
1601 4904 1709 4954 Latomi

416 4990 573 5054 ‚,tlreologi‚
594 4994 646 5040 riri
665 4991 769 5055 pridem
788 5007 839 5039 noc
859 4991 1003 5040 admodum
1024 4990 1111 5053 iniqui
1130 4988 1290 5037 melioribus
1310 4989 1399 5038 literis
1418 4994 1445 5036 ct
1465 4989 1549 5037 aurici
1562 4989 1633 5038 satis
1647 5004 1708 5038 ean·

418 5074 509 5137 „didi3
533 5089 583 5124 nee
607 5078 677 5125 satis
701 5075 861 5124 couiectare
887 5091 969 5140 queo,
998 5087 1059 5138 quae
1084 5087 1127 5121 res
1151 5072 1271 5122 hominis
1296 5075 1436 5139 ingenium
1460 5072 1553 5122 subito
1584 5073 1708 5124 verterit.
