4067 6209
352 835 355 841 .
400 746 473 818 360
510 759 642 810 CLXXV.
655 773 719 808 aas.
734 774 814 808 sarr.
828 772 864 807 an
878 774 981 807 sessu.
1000 758 1146 809 CLXXVI.
1161 774 1258 808 rarrr..
1269 774 1306 809 an
1318 774 1440 810 annana.
1451 774 1500 809 nr.
1515 766 1708 809 morantate.
1725 759 1734 767 '

401 938 469 992 tiant
493 937 640 991 Romanum
664 936 771 1008 iugum,
802 934 1026 1008 quemadmodum
1049 933 1168 1008 populus
1190 931 1271 990 lsrael
1295 932 1359 989 olim
1387 934 1514 991 excussit
1541 932 1642 1007 iugum
1663 932 1707 990 do·

403 1040 462 1077 irirrs
485 1021 578 1082 navio,
602 1028 829 1093 recesseruntque
853 1020 944 1075 elecem
969 1020 1056 1076 trihus
1072 1019 1153 1075 lsrael
1176 1020 1257 1074 atomo
1273 1020 1352 1075 David
1374 1037 1465 1094 nsque
1490 1020 1518 1074 in
1541 1019 1619 1075 diem
1642 1018 1706 1075 hanc

402 1108 523 1162 diceutes
546 1104 619 1172 ‘Quae
642 1114 684 1160 est
707 1123 771 1178 pars
793 1113 887 1159 nostra
911 1106 937 1160 in
960 1106 1039 1161 ltarid
1061 1104 1102 1160 rel
1126 1123 1186 1178 quae
1208 1104 1351 1161 haereditas
1373 1105 1402 1159 in
1424 1104 1484 1160 lilio
1509 1104 1616 1159 lsrael?
1645 1105 1705 1160 rade

345 1192 428 1253 §.aiu
453 1190 626 1246 tabernacola
649 1199 710 1252 tua,
733 1189 832 1245 lsrael’.
870 1189 914 1245 Sic
936 1199 963 1244 et
987 1191 1033 1245 isti
1054 1191 1172 1246 clamant
1194 1189 1267 1257 ‘Olim
1289 1198 1331 1245 est
1353 1208 1417 1263 pars
1438 1196 1542 1244 nostra
1566 1190 1643 1244 inter
1657 1190 1705 1245 llo·

402 1294 505 1338 ,manos
533 1284 580 1330 ant
609 1294 670 1348 quae
699 1276 842 1331 hereditas
871 1283 964 1329 nostra
994 1276 1020 1330 in
1049 1276 1179 1348 episcopo
1210 1276 1347 1331 llomano?
1390 1274 1521 1347 Nunquid
1557 1292 1616 1333 non
1645 1283 1726 1329 sumt

402 1352 540 1435 ,primatos
563 1368 591 1415 ct
613 1360 734 1433 episcopi
759 1360 785 1414 iu
808 1360 963 1421 Germania,
987 1367 1017 1414 nt
1041 1379 1126 1432 usque
1149 1361 1181 1416 ad
1205 1360 1301 1433 pedum
1325 1360 1418 1415 oscula
1440 1360 1558 1432 indigue
1582 1358 1707 1414 subiicia-

402 1464 471 1508 ‚rnus
503 1463 553 1500 nos
582 1445 712 1518 episcopo
736 1445 873 1499 biirnauo‘?
907 1445 1052 1517 Relinquat
1081 1445 1216 1500 Romanos
1245 1444 1388 1500 Germania
1416 1452 1443 1501 et
1474 1452 1652 1505 revertatur,
1681 1453 1708 1500 et

402 1532 464 1593 ‚iam
488 1539 641 1585 revertetur
657 1537 684 1584 et
699 1537 875 1585 cirrrrertatur
896 1529 929 1583 ad
952 1530 1081 1603 primates
1104 1539 1131 1585 et
1147 1529 1291 1603 episcopos
1307 1536 1334 1585 et
1350 1537 1477 1601 pastores
1494 1529 1596 1585 snosl’
1619 1528 1707 1589 Vides,

403 1633 534 1690 quorsum
560 1623 610 1670 ista
635 1615 767 1673 tendunt.
798 1621 825 1670 ot
848 1615 900 1670 iam
923 1615 1060 1687 principes
1082 1615 1187 1687 aliquot
1211 1623 1237 1669 et
1261 1613 1421 1687 respublicae
1443 1613 1505 1669 istis
1529 1631 1617 1670 aures
1640 1631 1710 1687 prae·

392 1701 476 1756 bont.
521 1700 589 1767 diario
612 1700 724 1756 Caesaris
747 1699 860 1754 valitura
883 1700 919 1755 sit
941 1700 1076 1755 autoritas
1098 1700 1205 1755 nescio:
1239 1716 1291 1771 ego
1318 1706 1393 1754 certe
1420 1698 1631 1772 contemplatus
1658 1700 1739 1754 hott

403 1786 501 1841 urinam
531 1792 618 1840 totum
642 1785 798 1839 Saturnium
827 1784 893 1839 nihil
923 1786 950 1839 in
979 1784 1027 1839 illo
1056 1784 1135 1839 bonae
1164 1784 1222 1857 spei
1245 1784 1394 1857 repositum
1417 1783 1522 1839 habeo:
1562 1786 1624 1857 ipsa
1649 1802 1710 1857 que

349 1877 559 1943 §.asoqunntur
583 1878 706 1942 tempora
733 1869 870 1924 docelumt
900 1868 1006 1941 qualem
1030 1868 1109 1925 nobis
1132 1869 1263 1941 elegimus
1278 1868 1419 1923 Cmsareni.
1460 1867 1519 1941 Ego
1544 1869 1638 1925 adhuc
1661 1885 1711 1942 per

405 1955 476 2010 hunc
503 1972 603 2009 aunum
626 1955 746 2010 Coloniae
774 1971 816 2008 rnc
843 1954 1005 2010 continebo:
1040 1972 1101 2009 rere
1125 1955 1248 2027 proximo
1276 1952 1399 2025 migrabo
1428 1970 1526 2009 rrrrsns
1553 1953 1582 2008 in
1606 1953 1711 2009 Sahau·

403 2040 481 2095 diam.
527 2039 604 2094 llitto
628 2040 660 2094 ad
684 2048 710 2093 te
731 2039 869 2111 dialogum
891 2039 934 2095 cni
958 2056 1055 2095 nomen
1080 2054 1188 2095 nunno
1213 2052 1383 2100 nvsrrcvs,
1414 2038 1512 2110 quiin
1538 2038 1638 2094 odium
1661 2041 1711 2093 Ar-

403 2124 530 2180 cimboldi
558 2123 641 2196 legati
669 2124 713 2179 hie
740 2124 911 2197 conscriptus
939 2132 995 2185 est,
1025 2131 1121 2179 autore
1149 2122 1241 2179 Sobio.
1287 2131 1314 2177 tu
1342 2122 1420 2178 mitte
1448 2122 1595 2179 residuum
1626 2123 1742 2179 Marcio

405 2210 559 2265 llamasceni
586 2216 669 2282 atque
697 2210 912 2283 experimentum
936 2209 1024 2281 Tyrii.
1053 2219 1081 2266 et
1104 2209 1168 2281 quid
1190 2207 1335 2264 llerbantia
1357 2215 1447 2263 vestra
1470 2208 1712 2283 metamorphosis

407 2295 534 2358 valuerit,
558 2294 659 2358 scribe,
683 2302 709 2351 et
733 2293 799 2349 vale.
843 2293 880 2349 En
902 2293 1022 2349 Colonia.
1051 2299 1092 2353 16.
1115 2293 1192 2349 lunii
1217 2300 1292 2353 1520.
1628 2305 1632 2311 '

425 2559 514 2592 noua.
950 2524 1160 2601 CLXXVI.
1516 2554 1539 2591 s.
1555 2559 1616 2592 m.
1635 2530 1694 2593 rso.

838 2666 1012 2723 vulturnu
1035 2669 1057 2722 Α
1080 2665 1270 2722 retentum

940 2768 1100 2809 srisromi
1123 2769 1165 2808 an
1717 2779 1741 2820 ῃ

549 2847 749 2897 ALBERTl'M
768 2849 975 2901 EPISCOPVM
993 2851 1042 2900 ET
1061 2849 1286 2899 ELEOTOREM
1304 2845 1565 2897 MOGVNTINVM.

493 2953 723 3009 Revereudissime
739 2962 766 3009 et
783 2954 965 3010 illustrissime
982 2956 1008 3010 in
1021 2956 1129 3011 Cliristo
1145 2963 1223 3029 pater
1239 2973 1269 3010 ac
1289 2953 1410 3013 domine,
1433 2951 1544 3007 domiue
1562 2952 1710 3009 obsonan-

406 3039 525 3099 dissime,
542 3038 718 3094 lurmillimam
733 3040 1005 3100 commendationem,
1040 3039 1210 3095 Clarissimus
1226 3040 1265 3094 vir
1277 3038 1401 3095 domiuus
1412 3036 1596 3109 Hieronymus
1614 3038 1710 3093 Aleon·

406 3124 463 3185 der,
480 3124 590 3180 natione
606 3124 702 3186 ltalus,
726 3126 812 3198 patria
829 3126 995 3187 Terrisatns,
1019 3126 1142 3180 moderni
1164 3124 1321 3180 Leodiensis
1344 3122 1463 3196 episcopi
1486 3120 1567 3184 olim,
1592 3131 1623 3177 et
1640 3141 1708 3178 nnnc

407 3208 623 3281 reverendissimi
648 3217 675 3264 et
698 3209 874 3266 illustrissimi
897 3210 998 3266 domiui
1022 3209 1166 3266 cardinalis
1181 3210 1213 3265 de
1230 3209 1343 3265 bledices
1358 3207 1537 3268 secretarios,
1563 3225 1593 3263 ac
1611 3209 1735 3263 summa

407 3292 543 3367 pontilicis
567 3293 802 3357 bibliothecarius,
826 3294 968 3356 Hebraico,
993 3295 1099 3356 Graece,
1123 3295 1216 3349 Latine
1238 3293 1359 3367 apprime
1374 3292 1485 3352 doctos,
1509 3293 1558 3364 qni
1582 3309 1707 3348 reveren·

407 3378 525 3433 dissimae
546 3388 574 3433 ct
598 3378 788 3434 illustrissimae
810 3380 936 3452 dignitati
960 3387 1057 3434 restrae
1080 3379 1128 3434 has
1150 3377 1245 3434 literas
1268 3377 1369 3437 reddit,
1393 3376 1463 3431 sedis
1479 3376 1645 3449 apostolicae
1661 3395 1706 3450 per

408 3462 563 3536 pontificem
586 3463 618 3518 ad
642 3480 743 3519 sacram
759 3465 907 3519 Caesaream
929 3473 957 3519 et
979 3462 1139 3519 catholicam
1162 3464 1329 3519 maiestatem
1353 3461 1463 3516 nuntios
1479 3461 1616 3516 mittitur:
1645 3461 1704 3516 Emn

409 3555 466 3602 tum
490 3549 562 3619 quod
590 3548 654 3602 milii
683 3566 791 3622 semper
820 3548 902 3604 saiorit
928 3549 1070 3620 cognitus.
1103 3556 1159 3603 tum
1183 3548 1256 3620 quod
1278 3546 1387 3602 nomine
1409 3544 1547 3619 pontificis
1570 3546 1644 3619 apud
1666 3564 1705 3601 re·

409 3632 628 3687 verendissimam
658 3642 685 3688 et
713 3632 924 3689 illustrissimam
953 3634 1165 3689 dominationem
1193 3641 1310 3687 vestram
1337 3631 1370 3686 de
1402 3629 1540 3703 plerisque
1574 3631 1732 3704 nagoritsu

409 3724 439 3770 ut
462 3715 495 3770 ah
519 3715 579 3790 ipso
603 3718 690 3773 iactus
714 3735 772 3775 sum
795 3719 911 3780 certior,
941 3725 1051 3773 acturus
1080 3724 1166 3777 esset,
1195 3734 1307 3773 vacuum
1335 3715 1402 3771 meis
1429 3714 1516 3769 literis
1547 3714 1624 3770 abire
1652 3732 1702 3770 non

409 3796 655 3857 sum'arbitratus:
683 3802 769 3859 Habet
790 3803 876 3858 multa
898 3803 931 3858 de
954 3802 1047 3857 fratris
1070 3802 1176 3857 llartini
1199 3802 1309 3858 Lntters
1331 3800 1462 3861 novitate,
1487 3806 1513 3856 et
1537 3798 1621 3855 Ulrici
1641 3800 1705 3855 llut-

300 3913 312 3923 ·
411 3893 455 3942 ten
485 3888 653 3949 temeritate,
683 3887 718 3943 oh
741 3888 830 3943 editos
853 3888 880 3943 in
903 3881 1092 3961 publicum'in
1115 3887 1205 3942 sedem
1229 3885 1405 3961 apostolicam
1427 3891 1455 3939 et
1476 3900 1623 3957 personam
1640 3902 1705 3959 pon·

410 4032 555 4083 CLXXVI.
587 4035 758 4086 Introductis
777 4038 805 4086 in
823 4036 968 4086 historiam
988 4036 1129 4102 evangelii
1147 4035 1241 4086 seculo
1260 4034 1332 4084 XVI.
1352 4032 1478 4083 renovati
1497 4032 1615 4082 authore
1634 4035 1704 4082 Dan

410 4116 553 4166 Gordesio.
574 4118 731 4184 Groningre.
755 4119 828 4169 llll.
848 4120 883 4168 4⁰.
904 4125 968 4169 tom.
983 4121 1006 4169 1.
1026 4122 1227 4170 Monumentor.
1241 4120 1370 4184 antiquit.
1390 4136 1416 4183 p.
1432 4115 1570 4167 lanata
1604 4118 1705 4179 (Parti-

506 4243 511 4251 .
580 4201 670 4251 culam
690 4204 817 4267 epistolae
836 4204 908 4254 mala
927 4206 1031 4269 repetit
1050 4204 1161 4253 blilnch.
1177 4204 1247 4269 Opp.
1261 4205 1341 4253 Hutt.
1356 4203 1407 4251 111.
1420 4219 1446 4266 p.
1460 4198 1530 4260 568.)

475 4334 964 4404 ³lsrael]1sa1111.neg.x11.1o.
1023 4340 1150 4405 “pedem
1168 4342 1229 4389 edit.
1288 4338 1461 4388 ⁷reveretur
1478 4332 1540 4386 edit.
1600 4335 1619 4368 ¹¹
1641 4340 1705 4397 (ie.

408 4422 521 4471 Saturno
539 4430 661 4486 regnante
679 4430 759 4472 utrum
779 4430 861 4473 uatum
879 4442 912 4473 on
930 4429 1034 4475 electum
1047 4426 1134 4474 dicere
1145 4428 1204 4474 velit
1216 4426 1349 4489 Agrippa,
1369 4424 1464 4483 nescio)
1478 4421 1638 4470 Satriruium
1652 4438 1707 4470 esse

408 4523 458 4556 ooo
476 4508 614 4556 Huttenrnn
638 4508 679 4571 (ut
696 4510 819 4559 Meiners
837 4508 1190 4572 Lebensbescbreibungen
1209 4509 1260 4557 111.
1274 4525 1300 4573 p.
1316 4507 1372 4556 luo.
1393 4512 1448 4556 not.
1468 4507 1486 4567 †
1505 4507 1708 4570 interpretatus

409 4592 462 4652 est)
481 4593 556 4648 dicit,
578 4594 627 4641 scd
645 4593 760 4643 Coretum
782 4595 813 4643 V.
833 4599 891 4659 imp.
907 4598 945 4643 sie
963 4598 1077 4658 appellat
1090 4595 1219 4657 Agrippa.
1284 4590 1305 4624 ¹²
1327 4594 1378 4652 §b
1400 4594 1438 4641 Dc
1455 4592 1494 4640 hta·
1512 4595 1537 4639 in
1554 4592 1707 4654 praeceden-
1736 4610 1744 4625 ·

407 4675 472 4724 tibus
495 4683 519 4725 ct
542 4680 566 4724 ln
586 4693 643 4742 sqq.
667 4694 726 4742 epp.
750 4678 865 4742 pluribus
883 4684 975 4742 agitur.
1030 4676 1086 4710 Μ*
1104 4677 1272 4726 Suboudiam
1291 4679 1352 4726 edd.

477 4758 498 4790 ¹⁹
521 4761 602 4810 Hunc
625 4762 822 4822 „Valentinum
847 4780 863 4812 a
882 4762 1032 4821 'betlehem
1058 4763 1080 4811 1.
1094 4762 1126 4810 V.
1140 4763 1173 4810 D.
1200 4761 1305 4826 aliquot
1329 4776 1416 4810 annos
1426 4759 1529 4831 ssomae
1554 4764 1707 4816 versatum,

410 4848 438 4892 et
456 4843 602 4893 multarum
622 4844 817 4909 ecclesiarum,
837 4848 1003 4910 bloguntiae,
1029 4845 1226 4911 hlagdeburgi‚
1251 4844 1432 4898 Francosordi
1453 4843 1486 4892 ad
1505 4845 1539 4893 D.
1559 4843 1709 4893 Bartholo-

411 4943 522 4990 moeum,
549 4934 577 4977 et
595 4929 801 4981 llildesiensem
821 4933 984 4981 canonicum
1004 4936 1033 4980 ct
1052 4930 1257 4996 archiepiscopi
1275 4929 1431 4994 Mogontini
1451 4928 1478 4975 iu
1497 4926 1612 4976 iudiciis
1631 4929 1709 4977 vica-

408 5014 491 5073 rium,
512 5014 750 5064 consentientibus
768 5015 910 5081 suffragiis
929 5016 1088 5080 episcopum
1108 5013 1210 5078 clegit”
1230 5014 1376 5080 collegium
1396 5012 1591 5062 canonicorum
1608 5012 1711 5064 Hilde-

407 5096 540 5146 siensium
552 5113 578 5147 a.
594 5097 666 5148 1537.
685 5099 807 5164 Chytraei
826 5100 956 5150 Saxonis.
970 5101 1035 5165 Lps.
1057 5096 1304 5164 1611.s01.p.375.
1356 5097 1379 5129 ¹⁷
1396 5103 1505 5148 vestrae
1524 5095 1604 5145 Gerd.
