4067 6209
369 767 441 839 358
495 775 645 828 CLXXIII.
665 784 843 822 marascaru.
863 785 899 818 an
917 784 954 817 ιο.
976 781 1055 816 uass.
1074 783 1117 816 se.
1155 765 1303 816 CLXXIV.
1330 779 1683 816 cocun.aur1ncxn.ar.

386 1061 605 1099 wirrssasaoa.
906 1020 1120 1097 CLXXIII.
1494 1048 1518 1087 s.
1535 1054 1598 1089 iva.
1613 1047 1670 1087 rara.

371 1115 640 1131 ρ’...-

724 1193 878 1243 rostanni
905 1192 1022 1258 naisso
1050 1191 1308 1241 vnnrrsnnvrm

760 1278 943 1358 [rtttntrrt's
965 1279 1211 1336 nntnncttrttutt
1234 1275 1275 1355 S.]

455 1425 546 1482 Salve,
577 1421 612 1476 ini
638 1420 735 1478 llessr,
766 1419 850 1473 trater
876 1418 1024 1472 carissinm.
1070 1417 1135 1471 Crini
1157 1416 1217 1471 aliis
1242 1414 1335 1471 multis
1358 1433 1390 1471 ex
1415 1416 1532 1479 causis.
1559 1418 1687 1473 tambac

370 1513 489 1569 omniurn
512 1508 598 1581 prirna
622 1504 822 1560 irrcnmlissima
844 1504 909 1558 milri
932 1503 1018 1557 litera.
1042 1512 1096 1557 ture
1120 1502 1243 1561 timrnnt,
1273 1501 1346 1574 quod
1368 1501 1519 1573 significas
1545 1502 1705 1558 adversum⁵

370 1608 397 1653 tc
419 1611 528 1669 alnoque
551 1592 712 1646 Smldncauos
742 1590 831 1644 lurore
858 1629 1086 1642 ..........
1125 1586 1222 1641 Invitat
1246 1585 1319 1641 ultro
1342 1585 1497 1642 llartinum
1525 1586 1689 1644 Franciscns

343 1682 345 1687 '
369 1684 402 1739 dc
420 1678 580 1751 Siclringen.
600 1675 721 1749 equiturn
740 1674 890 1728 ticrrnaniae
909 1690 999 1727 rarum
1021 1673 1111 1727 decus.
1147 1671 1281 1726 lluttcuus
1306 1670 1339 1726 ad
1356 1670 1577 1728 Ferdinandunr
1601 1672 1688 1728 Caroli

372 1769 484 1823 tratrem
506 1761 702 1837 proficiscitur,
732 1759 800 1813 riarn
823 1759 944 1813 tacturus
967 1756 1087 1812 libertati
1110 1774 1158 1829 per
1182 1755 1311 1812 inarimos
1333 1755 1489 1831 principes.
1538 1756 1612 1825 Quid
1637 1776 1688 1813 non

372 1866 513 1925 speremus
536 1846 635 1919 igitur?
661 1888 666 1899 .
687 1888 692 1898 .
711 1887 739 1899 ..
760 1886 836 1898 ....
869 1844 965 1897 tlctara
988 1841 1071 1900 lunii.
1093 1840 1213 1913 illm..

373 2030 523 2084 CLXXIII.
562 2027 666 2092 Corpus
680 2028 899 2076 Reformatornm
921 2025 963 2074 cd.
983 2024 1014 2074 C.
1035 2024 1067 2074 G.
1086 2021 1315 2073 Bretsehneider.
1331 2021 1393 2072 Vol.
1409 2022 1433 2072 1.
1452 2023 1526 2073 Hal.
1550 2022 1628 2075 1834.
1652 2025 1717 2078 albu

372 2134 399 2182 p.
412 2114 471 2164 201.
485 2131 511 2163 n.
525 2111 567 2162 78.
581 2111 654 2174 (‚‚Ex
668 2112 840 2176 autographo
853 2112 882 2160 in
895 2110 961 2159 Cod.
975 2109 1093 2174 Rehdig.
1107 2108 1167 2158 Vol.
1181 2108 1213 2157 V.
1228 2112 1342 2158 curante
1356 2106 1383 2157 S.
1398 2108 1434 2157 V.
1448 2108 1601 2160 Schulzio.
1616 2111 1687 2175 Apo·

408 2199 543 2264 graphum
556 2199 631 2246 inest
643 2196 709 2245 Cod.
725 2197 792 2245 ltuv.
807 2196 842 2243 11.
857 2212 883 2259 p.
897 2193 956 2243 ont.
970 2192 1098 2257 Epistola
1112 2198 1140 2241 et
1153 2193 1181 2241 in
1195 2193 1279 2242 Libro
1292 2192 1338 2242 Vl.
1353 2207 1419 2256 pag.
1434 2189 1498 2242 324.
1517 2197 1654 2255 oxatat''.)

391 2553 623 2590 FRANCOFVRDIAE.
904 2514 1138 2591 CLXXHH.
1477 2544 1513 2585 12.
1529 2552 1593 2588 ΠΝ.
1610 2546 1670 2586 1520.

375 2605 645 2618 -ι---·’·“-
1463 2605 1685 2618 ᾖ

627 2673 766 2747 immas
789 2691 971 2747 conannas
992 2691 1161 2747 antonino
1183 2690 1427 2748 nincninmrno

959 2793 983 2833 s.
1001 2794 1029 2832 Ρ.
1046 2794 1076 2832 Ι).
1690 2793 1711 2832 n

320 2938 367 2988 pst·
462 2914 538 2987 Apud
562 2914 661 2971 tratres
686 2912 878 2985 prmlicatores
899 2929 932 2966 ex
957 2912 1090 2967 industria
1112 2911 1201 2968 nullas
1224 2912 1256 2967 ad
1280 2921 1306 2968 te
1328 2911 1423 2968 literas
1445 2915 1565 2988 scripsi.
1591 2916 1682 2971 obser·

379 2999 539 3056 candissimo
558 2997 666 3053 dominc
687 2996 829 3057 llilibalde‚
861 2997 932 3069 qnod
961 2996 1088 3070 putabam
1118 2996 1167 3053 tibi
1197 2998 1286 3052 minus
1313 3005 1421 3069 gratnm
1449 2998 1512 3055 lore
1536 2999 1581 3055 rel
1606 3002 1681 3056 mini·

379 3103 451 3141 muru
474 3102 534 3140 cnrn
562 3081 616 3138 illis
636 3082 785 3156 negotium.
831 3082 909 3137 Venit
927 3082 1024 3138 deinde
1045 3099 1130 3155 gener
1149 3090 1211 3137 tuus
1239 3100 1271 3138 or
1295 3080 1449 3143 llullandia.
1482 3102 1567 3158 quem
1595 3084 1679 3141 literis

323 3183 368 3233 aa.
379 3188 493 3227 onerare
514 3187 568 3225 non
594 3168 670 3241 potui
694 3177 808 3241 propter
826 3167 910 3222 ritnrn
932 3167 991 3222 eins
1008 3167 1158 3223 discessum
1177 3167 1431 3241 occupationesque.
1475 3185 1568 3242 neque
1593 3180 1677 3226 tamen

376 3273 457 3329 grave
477 3255 542 3310 milri
565 3254 597 3309 ad
617 3261 641 3307 te
660 3262 850 3325 argumentum
868 3252 992 3313 suberat,
1014 3252 1065 3306 msi
1087 3252 1158 3325 quod
1181 3252 1214 3307 de
1236 3270 1331 3308 caussa
1350 3251 1458 3307 loannis
1478 3252 1627 3318 Rouchlin‚
1651 3258 1705 3311 inat

377 3342 455 3396 cnius
473 3338 654 3395 transactione
669 3339 748 3392 tostis
766 3336 855 3397 astiti,
874 3337 966 3410 paucis
982 3337 1030 3392 tibi
1048 3354 1141 3392 rerum
1159 3336 1279 3392 scribere
1294 3335 1425 3391 volebam.
1458 3336 1545 3394 Erant
1564 3358 1580 3395 a
1599 3340 1677 3395 Fran·

376 3426 449 3481 cisco
470 3424 616 3496 Siclringcn
636 3431 691 3477 tres
706 3422 833 3477 ductores
852 3422 1042 3494 procuratorio
1059 3421 1169 3476 nomine
1186 3421 1238 3477 huc
1256 3422 1331 3477 missi
1347 3438 1378 3475 er
1392 3420 1470 3495 Spina
1486 3432 1514 3478 et
1530 3423 1675 3483 vormatia.

377 3519 408 3567 ut
429 3527 486 3565 rem
505 3515 709 3582 componerent.
751 3506 821 3561 Nihil
849 3508 935 3578 magis
955 3507 1062 3582 anxipnr
1086 3505 1230 3568 tratribus.
1255 3507 1302 3562 sed
1324 3515 1478 3579 opportuna
1498 3507 1675 3583 multumque,

377 3604 407 3650 nt
432 3594 496 3649 mihi
520 3594 640 3653 videtur,
668 3609 744 3664 aequa
765 3591 831 3646 inita
853 3599 895 3645 ost
917 3592 971 3652 ria,
993 3592 1103 3665 utrique
1126 3591 1211 3664 parti,
1235 3591 1262 3645 ni
1287 3590 1381 3651 fallor,
1405 3587 1584 3649 tolerabilior
1601 3612 1674 3669 qnam

377 3680 450 3735 curia
475 3679 602 3734 Romana.
644 3676 745 3732 Ferunt
766 3694 780 3730 a
806 3676 935 3731 tratribus
957 3675 1162 3749 provincialiter
1182 3676 1311 3731 collatum
1335 3692 1395 3730 esse
1404 3665 1426 3736 ‚'
1441 3685 1471 3731 ut
1493 3676 1596 3733 mulcta
1620 3678 1702 3752 spi-ra

379 3764 466 3820 rensis
494 3763 636 3819 sententiae
663 3760 878 3835 persolveretur,
912 3779 966 3833 quo
994 3762 1028 3815 de
1058 3760 1124 3815 nihil
1153 3761 1220 3816 certi
1250 3759 1349 3821 habeo,
1385 3777 1473 3834 neque
1504 3762 1674 3837 interrogare

324 3849 479 3911 §.scuram
515 3849 541 3904 ld
562 3847 626 3902 milri
646 3855 676 3902 ut
694 3846 757 3901 testi
777 3854 899 3906 constat,
920 3846 992 3918 qnod
1012 3846 1110 3901 tratres
1125 3845 1329 3917 prmiucialiter
1343 3845 1548 3903 constituerunt
1568 3848 1596 3903 in
1612 3848 1674 3903 urbe

379 3935 462 3990 llorna
486 3941 678 4006 procuratores
701 3930 824 3986 Iacobum
843 3930 1100 4003 Ouestenbcrgium,
1124 3930 1248 3986 loannenr
1267 3929 1413 3991 coritium,
1433 3930 1580 4005 Casparem
1598 3933 1674 3994 Wirt

379 4019 505 4073 loannem
526 4018 631 4072 Pcucrn
653 4024 680 4070 ct
703 4015 829 4070 lodocrrm
849 4014 968 4086 Eginger
991 4015 1021 4070 ad
1044 4014 1243 4071 sollicitandum
1270 4016 1341 4089 apud
1364 4014 1534 4088 pontificem.
1566 4027 1597 4073 ut
1621 4026 1675 4074 tota

381 4100 426 4156 illa
447 4119 542 4156 caussa
564 4100 701 4174 sopiatur,
719 4118 779 4155 curn
799 4100 903 4154 honore
926 4100 1070 4174 utriusque
1089 4100 1188 4174 partis,
1209 4117 1242 4156 ne
1261 4100 1343 4156 ullius
1362 4099 1477 4156 laedatur
1500 4101 1582 4157 lama.
1619 4102 1703 4158 vidiat

382 4184 477 4240 deinde
497 4184 722 4258 supplicationem
745 4184 873 4245 fratrum.
902 4202 953 4258 qna
976 4184 1180 4258 provincialiter
1202 4185 1356 4258 pontificem
1379 4192 1459 4239 orant
1480 4203 1540 4240 curn
1568 4187 1676 4243 bonori-

326 4269 431 4334 μῆρα
449 4269 556 4324 loannis
571 4267 700 4324 Reucblin
718 4269 869 4330 mentione.
885 4277 916 4324 ut
932 4287 1055 4325 caussam
1070 4268 1143 4325 illam
1162 4279 1294 4343 perpetuo
1310 4271 1458 4342 extinguat.
1506 4270 1542 4326 lle
1558 4271 1676 4327 luthero

380 4355 522 4410 admodum
545 4370 608 4409 raro
631 4353 674 4408 tric
693 4353 836 4426 quicquam
859 4354 947 4409 andiu.
984 4355 1085 4410 Triduo
1100 4372 1161 4410 cum
1180 4354 1404 4428 predicatoribus
1419 4354 1555 4428 disputavi
1573 4356 1677 4430 publice

380 4457 475 4497 corum
498 4456 573 4494 mure
592 4456 622 4494 ac
643 4446 741 4511 rogatu
764 4456 888 4512 quoque,
911 4439 957 4494 sed
980 4440 1137 4496 lutheriani
1157 4440 1267 4495 omniuo
1287 4439 1353 4494 nibil
1373 4439 1589 4512 proponebatur.
1625 4458 1677 4496 nou

380 4525 617 4599 praetermisissent
640 4532 714 4579 certe
740 4524 803 4597 quin
835 4541 884 4597 pro
915 4541 948 4579 eo
976 4525 1143 4597 arguissem,
1173 4525 1194 4578 si
1219 4542 1270 4599 qua
1293 4523 1429 4579 extitisset
1456 4522 1530 4580 illius
1553 4526 1706 4582 materias

381 4610 439 4665 Vidi
460 4618 549 4665 autem
570 4619 597 4665 ot
619 4609 677 4665 eius
698 4616 726 4663 et
747 4607 859 4664 alterins
882 4609 1022 4664 cuiusdam
1047 4609 1242 4682 responsiones
1265 4617 1361 4665 contra
1378 4607 1556 4665 Colonieuses
1580 4618 1609 4665 et
1630 4610 1679 4665 Lo·

382 4696 524 4751 vanienses
554 4694 718 4750 fortissimas
746 4710 810 4749 sane
836 4703 863 4749 et
891 4710 954 4749 vere
980 4693 1135 4749 Germanas.
1190 4694 1225 4750 Ile
1242 4691 1359 4766 dialogis
1379 4692 1490 4767 scripsit
1508 4693 1576 4749 mihi
1599 4695 1679 4750 etiarn

637 4875 800 4924 CLXXIIII.
821 4876 977 4925 Heumann.
997 4875 1067 4936 (Ind.
1081 4874 1149 4924 bibl.
1163 4892 1189 4924 n.
1204 4873 1257 4937 70.)
1277 4891 1302 4940 p.
1317 4872 1422 4923 48...50.

450 5009 638 5060 ’IoanuiBm
692 5008 809 5060 ⁴Hosne
828 5027 875 5063 om.
893 5028 915 5060 c.
935 5011 1000 5060 Bao.
1049 5010 1113 5060 aliis
1131 5010 1320 5060 c.Bnu.alias
1337 5016 1397 5059 cett.
1433 5008 1496 5058 ⁷de
1515 5025 1564 5060 om.
1579 5028 1602 5062 c.
1616 5012 1681 5063 Bou.

450 5094 478 5126 ³⁸·
486 5095 670 5146 ”Bononiam
686 5093 918 5160 (prroLovaruen.)
931 5096 992 5145 edit.
1046 5093 1069 5127 ³⁷
1084 5092 1214 5160 dialogis]
1230 5094 1357 5158 Eumeni,
1372 5094 1496 5145 Fortuna
1510 5091 1561 5145 &o
