<?xml version="1.0" encoding="UTF-8"?>
<!DOCTYPE html PUBLIC "-//W3C//DTD XHTML 1.0 Transitional//EN"
    "http://www.w3.org/TR/xhtml1/DTD/xhtml1-transitional.dtd">
<html xmlns="http://www.w3.org/1999/xhtml" xml:lang="en" lang="en">
 <head>
  <title>
</title>
<meta http-equiv="Content-Type" content="text/html;charset=utf-8" />
  <meta name='ocr-system' content='tesseract 3.04.00' />
  <meta name='ocr-capabilities' content='ocr_page ocr_carea ocr_par ocr_line ocrx_word'/>
</head>
<body>
  <div class='ocr_page' id='page_1' title='image "./ulrichihuttenie03huttgoog_0233.png"; bbox 0 0 4067 6209; ppageno 0'>
   <div class='ocr_carea' id='block_1_1' title="bbox 531 736 1642 810">
    <p class='ocr_par' dir='ltr' id='par_1_1' title="bbox 531 736 1642 810">
     <span class='ocr_line' id='line_1_1' title="bbox 531 736 1642 810; baseline -0.006 -5"><span class='ocrx_word' id='word_1_1' title='bbox 531 754 646 805; x_wconf 88' lang='lat' dir='ltr'><strong>XXXII.</strong></span> <span class='ocrx_word' id='word_1_2' title='bbox 665 767 769 803; x_wconf 74' lang='lat' dir='ltr'><em>suasus</em></span> <span class='ocrx_word' id='word_1_3' title='bbox 784 767 846 801; x_wconf 64' lang='grc' dir='ltr'><em>ποτ.</em></span> <span class='ocrx_word' id='word_1_4' title='bbox 861 765 1031 801; x_wconf 74' lang='lat' dir='ltr'><em>raacousvu</em></span> <span class='ocrx_word' id='word_1_5' title='bbox 1044 759 1454 801; x_wconf 79' lang='lat' dir='ltr'><em>urrrsuorassvrvu.s.1sttt.</em></span> <span class='ocrx_word' id='word_1_6' title='bbox 1570 736 1642 810; x_wconf 84' lang='lat'><em>103</em></span> 
     </span>
    </p>
   </div>
   <div class='ocr_carea' id='block_1_2' title="bbox 344 919 1642 1092">
    <p class='ocr_par' dir='ltr' id='par_1_2' title="bbox 344 919 1642 1092">
     <span class='ocr_line' id='line_1_2' title="bbox 344 919 1642 1006; baseline -0.003 -19"><span class='ocrx_word' id='word_1_7' title='bbox 344 943 436 1006; x_wconf 82' lang='lat' dir='ltr'><em>equos</em></span> <span class='ocrx_word' id='word_1_8' title='bbox 458 925 577 993; x_wconf 85' lang='lat' dir='ltr'><em>tricem,</em></span> <span class='ocrx_word' id='word_1_9' title='bbox 604 921 655 984; x_wconf 86' lang='lat' dir='ltr'><em>sed</em></span> <span class='ocrx_word' id='word_1_10' title='bbox 684 923 762 982; x_wconf 86' lang='lat' dir='ltr'><em>iuter</em></span> <span class='ocrx_word' id='word_1_11' title='bbox 789 920 882 982; x_wconf 85' lang='lat' dir='ltr'><em>libros</em></span> <span class='ocrx_word' id='word_1_12' title='bbox 909 919 1061 980; x_wconf 79' lang='lat' dir='ltr'><em>assideant.</em></span> <span class='ocrx_word' id='word_1_13' title='bbox 1107 919 1173 981; x_wconf 87' lang='lat' dir='ltr'><em>Non</em></span> <span class='ocrx_word' id='word_1_14' title='bbox 1198 919 1267 982; x_wconf 87' lang='lat' dir='ltr'><em>licet</em></span> <span class='ocrx_word' id='word_1_15' title='bbox 1294 920 1387 999; x_wconf 85' lang='lat' dir='ltr'><em>plura.</em></span> <span class='ocrx_word' id='word_1_16' title='bbox 1433 922 1511 983; x_wconf 81' lang='lat' dir='ltr'><em>Vale.</em></span> <span class='ocrx_word' id='word_1_17' title='bbox 1556 922 1642 984; x_wconf 88' lang='lat' dir='ltr'><em>Wor·</em></span> 
     </span>
     <span class='ocr_line' id='line_1_3' title="bbox 345 1021 999 1092; baseline -0.014 -4"><span class='ocrx_word' id='word_1_18' title='bbox 345 1028 430 1088; x_wconf 82' lang='lat' dir='ltr'><em>matie</em></span> <span class='ocrx_word' id='word_1_19' title='bbox 453 1026 551 1088; x_wconf 86' lang='lat' dir='ltr'><em>XXlV.</em></span> <span class='ocrx_word' id='word_1_20' title='bbox 568 1024 720 1092; x_wconf 76' lang='lat' dir='ltr'><strong>Octobris,</strong></span> <span class='ocrx_word' id='word_1_21' title='bbox 744 1024 827 1085; x_wconf 78' lang='lat' dir='ltr'><em>Anno</em></span> <span class='ocrx_word' id='word_1_22' title='bbox 849 1021 999 1082; x_wconf 63' lang='lat' dir='ltr'><em>tibur.</em></span> 
     </span>
    </p>
   </div>
   <div class='ocr_carea' id='block_1_3' title="bbox 420 1344 1620 1425">
    <p class='ocr_par' dir='ltr' id='par_1_3' title="bbox 420 1344 1620 1425">
     <span class='ocr_line' id='line_1_4' title="bbox 420 1344 1620 1425; baseline 0.008 -9"><span class='ocrx_word' id='word_1_23' title='bbox 420 1364 433 1417; x_wconf 80' lang='lat' dir='ltr'><em>s</em></span> <span class='ocrx_word' id='word_1_24' title='bbox 825 1363 832 1377; x_wconf 93' lang='lat'><strong>·</strong></span> <span class='ocrx_word' id='word_1_25' title='bbox 907 1344 1072 1417; x_wconf 85' lang='lat' dir='ltr'><strong>XXXII.</strong></span> <span class='ocrx_word' id='word_1_26' title='bbox 1359 1360 1493 1423; x_wconf 63' lang='lat' dir='ltr'><em>(marm</em></span> <span class='ocrx_word' id='word_1_27' title='bbox 1507 1363 1620 1425; x_wconf 58' lang='lat' dir='ltr'><em>sarar)</em></span> 
     </span>
    </p>
   </div>
   <div class='ocr_carea' id='block_1_4' title="bbox 343 1430 1635 1445">
    <p class='ocr_par' dir='ltr' id='par_1_4' title="bbox 343 1430 1635 1445">
     <span class='ocr_line' id='line_1_5' title="bbox 343 1430 1635 1445; baseline -0.003 0"><span class='ocrx_word' id='word_1_28' title='bbox 343 1434 522 1445; x_wconf 72' lang='lat' dir='ltr'><em>n—-n</em></span> <span class='ocrx_word' id='word_1_29' title='bbox 1330 1430 1635 1442; x_wconf 71' lang='lat'><em>-———</em></span> 
     </span>
    </p>
   </div>
   <div class='ocr_carea' id='block_1_5' title="bbox 316 1517 1438 1668">
    <p class='ocr_par' dir='ltr' id='par_1_5' title="bbox 316 1517 1438 1668">
     <span class='ocr_line' id='line_1_6' title="bbox 727 1517 1254 1589; baseline -0.002 -14"><span class='ocrx_word' id='word_1_30' title='bbox 727 1518 933 1589; x_wconf 80' lang='lat' dir='ltr'><em>[ERASMVS</em></span> <span class='ocrx_word' id='word_1_31' title='bbox 953 1517 1202 1577; x_wconf 79' lang='lat' dir='ltr'><em>ROTERODAM</em></span> <span class='ocrx_word' id='word_1_32' title='bbox 1208 1518 1254 1574; x_wconf 89' lang='lat' dir='ltr'><em>VS</em></span> 
     </span>
     <span class='ocr_line' id='line_1_7' title="bbox 316 1595 1438 1668; baseline 0.004 -17"><span class='ocrx_word' id='word_1_33' title='bbox 316 1613 328 1651; x_wconf 85' lang='lat' dir='ltr'><em>s</em></span> <span class='ocrx_word' id='word_1_34' title='bbox 551 1613 584 1656; x_wconf 81' lang='lat' dir='ltr'><em>ne</em></span> <span class='ocrx_word' id='word_1_35' title='bbox 595 1613 862 1656; x_wconf 74' lang='lat' dir='ltr'><em>nuuorerroumrs</em></span> <span class='ocrx_word' id='word_1_36' title='bbox 874 1614 910 1654; x_wconf 86' lang='lat' dir='ltr'><em>ru</em></span> <span class='ocrx_word' id='word_1_37' title='bbox 919 1595 1048 1655; x_wconf 55' lang='lat' dir='ltr'><em>enuere</em></span> <span class='ocrx_word' id='word_1_38' title='bbox 1059 1613 1100 1653; x_wconf 78' lang='lat' dir='ltr'><em>no</em></span> <span class='ocrx_word' id='word_1_39' title='bbox 1117 1601 1438 1668; x_wconf 75' lang='lat' dir='ltr'><em>russsncorrcsusss]</em></span> 
     </span>
    </p>
   </div>
   <div class='ocr_carea' id='block_1_6' title="bbox 310 1708 1698 3313">
    <p class='ocr_par' dir='ltr' id='par_1_6' title="bbox 310 1708 1698 3313">
     <span class='ocr_line' id='line_1_8' title="bbox 345 1708 1638 1780; baseline 0 -14"><span class='ocrx_word' id='word_1_40' title='bbox 345 1754 433 1766; x_wconf 92' lang='grc'>.....</span> <span class='ocrx_word' id='word_1_41' title='bbox 457 1711 494 1765; x_wconf 82' lang='lat' dir='ltr'><em>Ar</em></span> <span class='ocrx_word' id='word_1_42' title='bbox 517 1713 547 1765; x_wconf 89' lang='lat' dir='ltr'><em>in</em></span> <span class='ocrx_word' id='word_1_43' title='bbox 568 1710 634 1764; x_wconf 87' lang='lat' dir='ltr'><em>aliis</em></span> <span class='ocrx_word' id='word_1_44' title='bbox 656 1709 769 1780; x_wconf 83' lang='lat' dir='ltr'><em>quictem</em></span> <span class='ocrx_word' id='word_1_45' title='bbox 792 1722 989 1779; x_wconf 73' lang='lat' dir='ltr'><strong><em>saepenumero</em></strong></span> <span class='ocrx_word' id='word_1_46' title='bbox 1012 1708 1139 1763; x_wconf 79' lang='lat' dir='ltr'><em>videmus</em></span> <span class='ocrx_word' id='word_1_47' title='bbox 1167 1722 1272 1779; x_wconf 83' lang='lat' dir='ltr'><em>meque</em></span> <span class='ocrx_word' id='word_1_48' title='bbox 1301 1708 1368 1762; x_wconf 77' lang='lat' dir='ltr'><em>vitm</em></span> <span class='ocrx_word' id='word_1_49' title='bbox 1396 1709 1440 1763; x_wconf 87' lang='lat' dir='ltr'><em>oet</em></span> <span class='ocrx_word' id='word_1_50' title='bbox 1465 1712 1545 1764; x_wconf 77' lang='lat' dir='ltr'><em>atati</em></span> <span class='ocrx_word' id='word_1_51' title='bbox 1571 1728 1638 1766; x_wconf 88' lang='lat' dir='ltr'><em>con-</em></span> 
     </span>
     <span class='ocr_line' id='line_1_9' title="bbox 343 1780 1638 1867; baseline -0.001 -15"><span class='ocrx_word' id='word_1_52' title='bbox 343 1799 449 1852; x_wconf 80' lang='lat' dir='ltr'><em>danari</em></span> <span class='ocrx_word' id='word_1_53' title='bbox 470 1796 515 1852; x_wconf 86' lang='lat' dir='ltr'><em>vel</em></span> <span class='ocrx_word' id='word_1_54' title='bbox 535 1780 698 1850; x_wconf 78' lang='lat' dir='ltr'><em>eruditioni.</em></span> <span class='ocrx_word' id='word_1_55' title='bbox 743 1794 779 1849; x_wconf 86' lang='lat' dir='ltr'><em>In</em></span> <span class='ocrx_word' id='word_1_56' title='bbox 801 1794 846 1848; x_wconf 84' lang='lat' dir='ltr'><em>bis</em></span> <span class='ocrx_word' id='word_1_57' title='bbox 868 1794 997 1848; x_wconf 82' lang='lat' dir='ltr'><em>cornibus</em></span> <span class='ocrx_word' id='word_1_58' title='bbox 1019 1809 1090 1863; x_wconf 91' lang='lat' dir='ltr'><em>quos</em></span> <span class='ocrx_word' id='word_1_59' title='bbox 1112 1794 1258 1859; x_wconf 90' lang='lat' dir='ltr'><em>recensui,</em></span> <span class='ocrx_word' id='word_1_60' title='bbox 1288 1793 1351 1847; x_wconf 76' lang='lat' dir='ltr'><em>atta</em></span> <span class='ocrx_word' id='word_1_61' title='bbox 1379 1809 1546 1866; x_wconf 90' lang='lat' dir='ltr'><em>morumque</em></span> <span class='ocrx_word' id='word_1_62' title='bbox 1568 1812 1638 1867; x_wconf 87' lang='lat' dir='ltr'><em>pro-</em></span> 
     </span>
     <span class='ocr_line' id='line_1_10' title="bbox 343 1876 1641 1949; baseline 0 -13"><span class='ocrx_word' id='word_1_63' title='bbox 343 1883 416 1937; x_wconf 81' lang='lat' dir='ltr'><em>bitas</em></span> <span class='ocrx_word' id='word_1_64' title='bbox 444 1897 509 1936; x_wconf 90' lang='lat' dir='ltr'><em>cum</em></span> <span class='ocrx_word' id='word_1_65' title='bbox 536 1880 696 1935; x_wconf 78' lang='lat' dir='ltr'><em>eruditione</em></span> <span class='ocrx_word' id='word_1_66' title='bbox 725 1893 764 1933; x_wconf 78' lang='lat' dir='ltr'><em>en</em></span> <span class='ocrx_word' id='word_1_67' title='bbox 792 1894 874 1949; x_wconf 82' lang='lat' dir='ltr'><em>aquo</em></span> <span class='ocrx_word' id='word_1_68' title='bbox 902 1884 1003 1933; x_wconf 88' lang='lat' dir='ltr'><em>certat.</em></span> <span class='ocrx_word' id='word_1_69' title='bbox 1056 1876 1113 1931; x_wconf 83' lang='lat' dir='ltr'><em>Sed</em></span> <span class='ocrx_word' id='word_1_70' title='bbox 1133 1893 1210 1946; x_wconf 89' lang='lat' dir='ltr'><em>pene</em></span> <span class='ocrx_word' id='word_1_71' title='bbox 1237 1880 1389 1949; x_wconf 70' lang='lat' dir='ltr'><em>ceciderat</em></span> <span class='ocrx_word' id='word_1_72' title='bbox 1421 1882 1537 1935; x_wconf 78' lang='lat' dir='ltr'><em>urticrrm</em></span> <span class='ocrx_word' id='word_1_73' title='bbox 1569 1882 1641 1936; x_wconf 83' lang='lat' dir='ltr'><em>illud</em></span> 
     </span>
     <span class='ocr_line' id='line_1_11' title="bbox 344 1963 1640 2035; baseline -0.001 -13"><span class='ocrx_word' id='word_1_74' title='bbox 344 1966 496 2022; x_wconf 75' lang='lat' dir='ltr'><em>Musarum</em></span> <span class='ocrx_word' id='word_1_75' title='bbox 511 1966 636 2021; x_wconf 82' lang='lat' dir='ltr'><em>delitium</em></span> <span class='ocrx_word' id='word_1_76' title='bbox 660 1964 812 2020; x_wconf 80' lang='lat' dir='ltr'><em>Vetalricus</em></span> <span class='ocrx_word' id='word_1_77' title='bbox 827 1963 972 2018; x_wconf 87' lang='lat' dir='ltr'><em>Huttenus</em></span> <span class='ocrx_word' id='word_1_78' title='bbox 987 1963 1153 2017; x_wconf 80' lang='lat' dir='ltr'><em>adolescens</em></span> <span class='ocrx_word' id='word_1_79' title='bbox 1167 1969 1194 2017; x_wconf 91' lang='lat' dir='ltr'><em>et</em></span> <span class='ocrx_word' id='word_1_80' title='bbox 1209 1963 1379 2035; x_wconf 80' lang='lat' dir='ltr'><em>inrcqiuibus</em></span> <span class='ocrx_word' id='word_1_81' title='bbox 1393 1967 1499 2020; x_wconf 87' lang='lat' dir='ltr'><em>clarus.</em></span> <span class='ocrx_word' id='word_1_82' title='bbox 1539 1965 1640 2034; x_wconf 83' lang='lat' dir='ltr'><em>Quoeso</em></span> 
     </span>
     <span class='ocr_line' id='line_1_12' title="bbox 310 2049 1642 2124; baseline -0.001 -17"><span class='ocrx_word' id='word_1_83' title='bbox 310 2054 414 2124; x_wconf 72' lang='lat' dir='ltr'><em>liquid</em></span> <span class='ocrx_word' id='word_1_84' title='bbox 434 2052 530 2106; x_wconf 84' lang='lat' dir='ltr'><em>Attica</em></span> <span class='ocrx_word' id='word_1_85' title='bbox 548 2051 641 2121; x_wconf 79' lang='lat' dir='ltr'><em>possit</em></span> <span class='ocrx_word' id='word_1_86' title='bbox 661 2050 779 2121; x_wconf 78' lang='lat' dir='ltr'><em>qiqnere</em></span> <span class='ocrx_word' id='word_1_87' title='bbox 801 2049 854 2105; x_wconf 87' lang='lat' dir='ltr'><em>ltoc</em></span> <span class='ocrx_word' id='word_1_88' title='bbox 876 2066 933 2103; x_wconf 90' lang='lat' dir='ltr'><em>uno</em></span> <span class='ocrx_word' id='word_1_89' title='bbox 956 2049 1000 2103; x_wconf 87' lang='lat' dir='ltr'><em>ael</em></span> <span class='ocrx_word' id='word_1_90' title='bbox 1027 2049 1160 2118; x_wconf 85' lang='lat' dir='ltr'><em>arqutius</em></span> <span class='ocrx_word' id='word_1_91' title='bbox 1188 2050 1233 2103; x_wconf 88' lang='lat' dir='ltr'><em>oet</em></span> <span class='ocrx_word' id='word_1_92' title='bbox 1259 2050 1432 2121; x_wconf 81' lang='lat' dir='ltr'><em>eteqantius:</em></span> <span class='ocrx_word' id='word_1_93' title='bbox 1465 2052 1535 2121; x_wconf 76' lang='lat' dir='ltr'><em>quiri</em></span> <span class='ocrx_word' id='word_1_94' title='bbox 1561 2052 1642 2107; x_wconf 79' lang='lat' dir='ltr'><em>atiud</em></span> 
     </span>
     <span class='ocr_line' id='line_1_13' title="bbox 343 2134 1640 2208; baseline 0 -16"><span class='ocrx_word' id='word_1_95' title='bbox 343 2139 390 2193; x_wconf 88' lang='lat' dir='ltr'><em>itte</em></span> <span class='ocrx_word' id='word_1_96' title='bbox 413 2154 499 2208; x_wconf 87' lang='lat' dir='ltr'><em>quam</em></span> <span class='ocrx_word' id='word_1_97' title='bbox 521 2150 618 2191; x_wconf 89' lang='lat' dir='ltr'><em>merus</em></span> <span class='ocrx_word' id='word_1_98' title='bbox 647 2134 785 2201; x_wconf 87' lang='lat' dir='ltr'><em>Veneres,</em></span> <span class='ocrx_word' id='word_1_99' title='bbox 815 2151 901 2205; x_wconf 86' lang='lat' dir='ltr'><em>quam</em></span> <span class='ocrx_word' id='word_1_100' title='bbox 924 2149 1019 2189; x_wconf 87' lang='lat' dir='ltr'><em>meros</em></span> <span class='ocrx_word' id='word_1_101' title='bbox 1046 2134 1159 2203; x_wconf 87' lang='lat' dir='ltr'><em>tepores</em></span> <span class='ocrx_word' id='word_1_102' title='bbox 1185 2134 1331 2203; x_wconf 82' lang='lat' dir='ltr'><em>loquitur?</em></span> <span class='ocrx_word' id='word_1_103' title='bbox 1364 2134 1536 2207; x_wconf 77' lang='lat' dir='ltr'><em>Quanquam</em></span> <span class='ocrx_word' id='word_1_104' title='bbox 1563 2136 1640 2192; x_wconf 76' lang='lat' dir='ltr'><em>branc</em></span> 
     </span>
     <span class='ocr_line' id='line_1_14' title="bbox 344 2218 1640 2293; baseline -0.001 -15"><span class='ocrx_word' id='word_1_105' title='bbox 344 2237 438 2293; x_wconf 81' lang='lat' dir='ltr'><em>nuper</em></span> <span class='ocrx_word' id='word_1_106' title='bbox 474 2221 624 2292; x_wconf 86' lang='lat' dir='ltr'><em>complecti</em></span> <span class='ocrx_word' id='word_1_107' title='bbox 657 2223 741 2290; x_wconf 84' lang='lat' dir='ltr'><em>caepit</em></span> <span class='ocrx_word' id='word_1_108' title='bbox 779 2222 822 2275; x_wconf 84' lang='lat' dir='ltr'><em>air</em></span> <span class='ocrx_word' id='word_1_109' title='bbox 854 2220 1066 2274; x_wconf 84' lang='lat' dir='ltr'><em>immortalitate</em></span> <span class='ocrx_word' id='word_1_110' title='bbox 1100 2218 1204 2288; x_wconf 80' lang='lat' dir='ltr'><em>diqrnes</em></span> <span class='ocrx_word' id='word_1_111' title='bbox 1237 2219 1371 2274; x_wconf 70' lang='lat' dir='ltr'><em>eilbertus</em></span> <span class='ocrx_word' id='word_1_112' title='bbox 1404 2222 1640 2292; x_wconf 76' lang='lat' dir='ltr'><em>archiepiscopus</em></span> 
     </span>
     <span class='ocr_line' id='line_1_15' title="bbox 343 2303 1638 2379; baseline -0.002 -16"><span class='ocrx_word' id='word_1_113' title='bbox 343 2307 583 2379; x_wconf 74' lang='lat' dir='ltr'><em>Muquutiuensis.</em></span> <span class='ocrx_word' id='word_1_114' title='bbox 639 2303 727 2372; x_wconf 83' lang='lat' dir='ltr'><em>Quem</em></span> <span class='ocrx_word' id='word_1_115' title='bbox 761 2308 869 2359; x_wconf 87' lang='lat' dir='ltr'><em>utinam</em></span> <span class='ocrx_word' id='word_1_116' title='bbox 904 2305 1005 2359; x_wconf 76' lang='lat' dir='ltr'><em>caeteri</em></span> <span class='ocrx_word' id='word_1_117' title='bbox 1036 2318 1148 2373; x_wconf 89' lang='lat' dir='ltr'><em>quaque</em></span> <span class='ocrx_word' id='word_1_118' title='bbox 1179 2304 1329 2373; x_wconf 78' lang='lat' dir='ltr'><em>principes</em></span> <span class='ocrx_word' id='word_1_119' title='bbox 1361 2312 1471 2361; x_wconf 86' lang='lat' dir='ltr'><em>certent</em></span> <span class='ocrx_word' id='word_1_120' title='bbox 1498 2309 1638 2362; x_wconf 72' lang='lat' dir='ltr'><em>u&#39;mutari.</em></span> 
     </span>
     <span class='ocr_line' id='line_1_16' title="bbox 346 2389 1640 2462; baseline -0.002 -14"><span class='ocrx_word' id='word_1_121' title='bbox 346 2392 427 2460; x_wconf 76' lang='lat' dir='ltr'><em>Quart</em></span> <span class='ocrx_word' id='word_1_122' title='bbox 447 2394 474 2446; x_wconf 90' lang='lat' dir='ltr'><em>si</em></span> <span class='ocrx_word' id='word_1_123' title='bbox 492 2392 592 2462; x_wconf 85' lang='lat' dir='ltr'><em>fieret,</em></span> <span class='ocrx_word' id='word_1_124' title='bbox 621 2392 782 2446; x_wconf 83' lang='lat' dir='ltr'><em>uideremus</em></span> <span class='ocrx_word' id='word_1_125' title='bbox 809 2391 944 2445; x_wconf 88' lang='lat' dir='ltr'><em>nimirum</em></span> <span class='ocrx_word' id='word_1_126' title='bbox 972 2405 1029 2443; x_wconf 85' lang='lat' dir='ltr'><em>uon</em></span> <span class='ocrx_word' id='word_1_127' title='bbox 1057 2389 1118 2442; x_wconf 85' lang='lat' dir='ltr'><em>siue</em></span> <span class='ocrx_word' id='word_1_128' title='bbox 1148 2404 1239 2442; x_wconf 78' lang='lat' dir='ltr'><em>euerso</em></span> <span class='ocrx_word' id='word_1_129' title='bbox 1269 2390 1374 2444; x_wconf 81' lang='lat' dir='ltr'><em>dictum</em></span> <span class='ocrx_word' id='word_1_130' title='bbox 1404 2406 1465 2446; x_wconf 86' lang='lat' dir='ltr'><em>esse</em></span> <span class='ocrx_word' id='word_1_131' title='bbox 1496 2410 1513 2446; x_wconf 88' lang='lat' dir='ltr'><em>a</em></span> <span class='ocrx_word' id='word_1_132' title='bbox 1536 2392 1640 2446; x_wconf 85' lang='lat' dir='ltr'><em>ueteris</em></span> 
     </span>
     <span class='ocr_line' id='line_1_17' title="bbox 310 2466 1639 2547; baseline -0.005 -13"><span class='ocrx_word' id='word_1_133' title='bbox 310 2478 488 2534; x_wconf 81' lang='lat' dir='ltr'><em>¹⁵comoeclioe</em></span> <span class='ocrx_word' id='word_1_134' title='bbox 515 2476 705 2546; x_wconf 80' lang='lat' dir='ltr'><em>scriptoribus</em></span> <span class='ocrx_word' id='word_1_135' title='bbox 731 2469 796 2529; x_wconf 77' lang='grc' dir='ltr'><em>οὔτε</em></span> <span class='ocrx_word' id='word_1_136' title='bbox 823 2470 876 2543; x_wconf 76' lang='grc' dir='ltr'><em>γὰρ</em></span> <span class='ocrx_word' id='word_1_137' title='bbox 900 2468 915 2526; x_wconf 89' lang='grc' dir='ltr'>ὁ</span> <span class='ocrx_word' id='word_1_138' title='bbox 942 2466 1046 2541; x_wconf 83' lang='grc' dir='ltr'><strong><em>μισθὸς</em></strong></span> <span class='ocrx_word' id='word_1_139' title='bbox 1074 2466 1156 2525; x_wconf 75' lang='grc' dir='ltr'><em>οὐδέν</em></span> <span class='ocrx_word' id='word_1_140' title='bbox 1182 2466 1245 2542; x_wconf 80' lang='grc' dir='ltr'>ἐστ’,</span> <span class='ocrx_word' id='word_1_141' title='bbox 1271 2466 1335 2526; x_wconf 77' lang='grc' dir='ltr'><strong>οὔθ’</strong></span> <span class='ocrx_word' id='word_1_142' title='bbox 1360 2468 1378 2544; x_wconf 80' lang='grc' dir='ltr'><em>ἡ</em></span> <span class='ocrx_word' id='word_1_143' title='bbox 1405 2473 1494 2544; x_wconf 76' lang='grc' dir='ltr'><strong><em>τέχνη.</em></strong></span> <span class='ocrx_word' id='word_1_144' title='bbox 1540 2477 1639 2547; x_wconf 84' lang='lat' dir='ltr'><em>Neque</em></span> 
     </span>
     <span class='ocr_line' id='line_1_18' title="bbox 344 2558 1639 2631; baseline -0.003 -12"><span class='ocrx_word' id='word_1_145' title='bbox 344 2579 411 2620; x_wconf 85' lang='lat' dir='ltr'><em>aero</em></span> <span class='ocrx_word' id='word_1_146' title='bbox 439 2563 512 2617; x_wconf 87' lang='lat' dir='ltr'><em>male</em></span> <span class='ocrx_word' id='word_1_147' title='bbox 538 2566 652 2615; x_wconf 87' lang='lat' dir='ltr'><em>constat</em></span> <span class='ocrx_word' id='word_1_148' title='bbox 678 2562 753 2616; x_wconf 88' lang='lat' dir='ltr'><em>ratio</em></span> <span class='ocrx_word' id='word_1_149' title='bbox 782 2562 844 2615; x_wconf 77' lang='lat' dir='ltr'><em>desti</em></span> <span class='ocrx_word' id='word_1_150' title='bbox 874 2566 901 2614; x_wconf 94' lang='lat' dir='ltr'><em>et</em></span> <span class='ocrx_word' id='word_1_151' title='bbox 930 2558 1042 2628; x_wconf 85' lang='lat' dir='ltr'><em>accepti</em></span> <span class='ocrx_word' id='word_1_152' title='bbox 1062 2558 1138 2612; x_wconf 84' lang='lat' dir='ltr'><em>inter</em></span> <span class='ocrx_word' id='word_1_153' title='bbox 1167 2561 1295 2630; x_wconf 83' lang='lat' dir='ltr'><em>cqrcqios</em></span> <span class='ocrx_word' id='word_1_154' title='bbox 1320 2562 1468 2631; x_wconf 75' lang='lat' dir='ltr'><em>principos</em></span> <span class='ocrx_word' id='word_1_155' title='bbox 1501 2569 1527 2616; x_wconf 87' lang='lat' dir='ltr'><em>et</em></span> <span class='ocrx_word' id='word_1_156' title='bbox 1560 2563 1639 2617; x_wconf 90' lang='lat' dir='ltr'><em>bonis</em></span> 
     </span>
     <span class='ocr_line' id='line_1_19' title="bbox 340 2644 1639 2719; baseline 0 -18"><span class='ocrx_word' id='word_1_157' title='bbox 340 2649 481 2719; x_wconf 77' lang='lat' dir='ltr'><em>praeditos</em></span> <span class='ocrx_word' id='word_1_158' title='bbox 501 2647 607 2701; x_wconf 86' lang='lat' dir='ltr'><em>literis:</em></span> <span class='ocrx_word' id='word_1_159' title='bbox 629 2662 696 2700; x_wconf 86' lang='lat' dir='ltr'><em>nam</em></span> <span class='ocrx_word' id='word_1_160' title='bbox 718 2649 745 2701; x_wconf 88' lang='lat' dir='ltr'><em>si</em></span> <span class='ocrx_word' id='word_1_161' title='bbox 765 2648 885 2716; x_wconf 89' lang='lat' dir='ltr'><em>cupiunt</em></span> <span class='ocrx_word' id='word_1_162' title='bbox 906 2651 1045 2700; x_wconf 78' lang='lat' dir='ltr'><em>uternam</em></span> <span class='ocrx_word' id='word_1_163' title='bbox 1069 2644 1149 2713; x_wconf 78' lang='lat' dir='ltr'><em>apud</em></span> <span class='ocrx_word' id='word_1_164' title='bbox 1172 2650 1303 2713; x_wconf 88' lang='lat' dir='ltr'><em>posteros</em></span> <span class='ocrx_word' id='word_1_165' title='bbox 1321 2644 1448 2717; x_wconf 81' lang='lat' dir='ltr'><em>feroram,</em></span> <span class='ocrx_word' id='word_1_166' title='bbox 1477 2649 1554 2719; x_wconf 82' lang='lat' dir='ltr'><em>quod</em></span> <span class='ocrx_word' id='word_1_167' title='bbox 1574 2649 1639 2702; x_wconf 89' lang='lat' dir='ltr'><em>otim</em></span> 
     </span>
     <span class='ocr_line' id='line_1_20' title="bbox 340 2729 1639 2803; baseline -0.001 -15"><span class='ocrx_word' id='word_1_168' title='bbox 340 2733 569 2803; x_wconf 73' lang='lat' dir='ltr'><em>pulcherrimum</em></span> <span class='ocrx_word' id='word_1_169' title='bbox 593 2738 658 2785; x_wconf 86' lang='lat' dir='ltr'><em>erat</em></span> <span class='ocrx_word' id='word_1_170' title='bbox 680 2731 836 2802; x_wconf 79' lang='lat' dir='ltr'><em>affectare,</em></span> <span class='ocrx_word' id='word_1_171' title='bbox 859 2731 936 2785; x_wconf 78' lang='lat' dir='ltr'><em>tram</em></span> <span class='ocrx_word' id='word_1_172' title='bbox 957 2732 1026 2785; x_wconf 81' lang='lat' dir='ltr'><em>soles</em></span> <span class='ocrx_word' id='word_1_173' title='bbox 1046 2729 1192 2783; x_wconf 83' lang='lat' dir='ltr'><em>dcrctorurn</em></span> <span class='ocrx_word' id='word_1_174' title='bbox 1216 2729 1359 2785; x_wconf 84' lang='lat' dir='ltr'><em>bomirutm</em></span> <span class='ocrx_word' id='word_1_175' title='bbox 1384 2733 1474 2786; x_wconf 80' lang='lat' dir='ltr'><em>literae</em></span> <span class='ocrx_word' id='word_1_176' title='bbox 1492 2740 1639 2803; x_wconf 78' lang='lat' dir='ltr'><em>pru’stare</em></span> 
     </span>
     <span class='ocr_line' id='line_1_21' title="bbox 341 2816 1639 2889; baseline 0.001 -17"><span class='ocrx_word' id='word_1_177' title='bbox 341 2823 464 2889; x_wconf 80' lang='lat' dir='ltr'><em>possunt</em></span> <span class='ocrx_word' id='word_1_178' title='bbox 488 2817 596 2871; x_wconf 89' lang='lat' dir='ltr'><em>certius</em></span> <span class='ocrx_word' id='word_1_179' title='bbox 621 2832 656 2869; x_wconf 87' lang='lat' dir='ltr'><em>ac</em></span> <span class='ocrx_word' id='word_1_180' title='bbox 683 2818 778 2871; x_wconf 79' lang='lat' dir='ltr'><em>veritis</em></span> <span class='ocrx_word' id='word_1_181' title='bbox 807 2833 893 2886; x_wconf 87' lang='lat' dir='ltr'><em>quarn</em></span> <span class='ocrx_word' id='word_1_182' title='bbox 924 2816 989 2870; x_wconf 78' lang='lat' dir='ltr'><em>retice</em></span> <span class='ocrx_word' id='word_1_183' title='bbox 1018 2829 1109 2881; x_wconf 85' lang='lat' dir='ltr'><em>ceree,</em></span> <span class='ocrx_word' id='word_1_184' title='bbox 1142 2831 1228 2885; x_wconf 87' lang='lat' dir='ltr'><em>quam</em></span> <span class='ocrx_word' id='word_1_185' title='bbox 1256 2817 1322 2870; x_wconf 82' lang='lat' dir='ltr'><em>ultre</em></span> <span class='ocrx_word' id='word_1_186' title='bbox 1342 2819 1526 2888; x_wconf 79' lang='lat' dir='ltr'><em>qrqrunrides,</em></span> <span class='ocrx_word' id='word_1_187' title='bbox 1553 2835 1639 2889; x_wconf 86' lang='lat' dir='ltr'><em>quam</em></span> 
     </span>
     <span class='ocr_line' id='line_1_22' title="bbox 310 2901 1698 2974; baseline 0.001 -17"><span class='ocrx_word' id='word_1_188' title='bbox 310 2904 552 2967; x_wconf 77' lang='lat' dir='ltr'><em>meliusculum,</em></span> <span class='ocrx_word' id='word_1_189' title='bbox 576 2918 661 2971; x_wconf 82' lang='lat' dir='ltr'><em>qetam</em></span> <span class='ocrx_word' id='word_1_190' title='bbox 685 2902 737 2955; x_wconf 87' lang='lat' dir='ltr'><em>ulli</em></span> <span class='ocrx_word' id='word_1_191' title='bbox 757 2902 832 2957; x_wconf 88' lang='lat' dir='ltr'><em>tituli</em></span> <span class='ocrx_word' id='word_1_192' title='bbox 852 2908 902 2956; x_wconf 90' lang='lat' dir='ltr'><em>aut</em></span> <span class='ocrx_word' id='word_1_193' title='bbox 924 2901 1041 2958; x_wconf 73' lang='lat' dir='ltr'><em>colossis</em></span> <span class='ocrx_word' id='word_1_194' title='bbox 1063 2901 1090 2954; x_wconf 89' lang='lat' dir='ltr'><em>si</em></span> <span class='ocrx_word' id='word_1_195' title='bbox 1110 2916 1166 2954; x_wconf 87' lang='lat' dir='ltr'><em>non</em></span> <span class='ocrx_word' id='word_1_196' title='bbox 1187 2902 1322 2971; x_wconf 88' lang='lat' dir='ltr'><em>cupiunt,</em></span> <span class='ocrx_word' id='word_1_197' title='bbox 1346 2902 1399 2957; x_wconf 84' lang='lat' dir='ltr'><em>boc</em></span> <span class='ocrx_word' id='word_1_198' title='bbox 1416 2906 1506 2974; x_wconf 83' lang='lat' dir='ltr'><em>muqis</em></span> <span class='ocrx_word' id='word_1_199' title='bbox 1516 2904 1640 2959; x_wconf 77' lang='lat' dir='ltr'><em>elebatur</em></span> <span class='ocrx_word' id='word_1_200' title='bbox 1692 2929 1698 2940; x_wconf 93' lang='lat'>·</span> 
     </span>
     <span class='ocr_line' id='line_1_23' title="bbox 344 2985 1639 3057; baseline 0.003 -17"><span class='ocrx_word' id='word_1_201' title='bbox 344 3004 378 3041; x_wconf 87' lang='lat' dir='ltr'><em>ea</em></span> <span class='ocrx_word' id='word_1_202' title='bbox 400 2988 478 3054; x_wconf 85' lang='lat' dir='ltr'><em>tuus,</em></span> <span class='ocrx_word' id='word_1_203' title='bbox 502 2988 579 3057; x_wconf 85' lang='lat' dir='ltr'><em>quod</em></span> <span class='ocrx_word' id='word_1_204' title='bbox 600 3002 657 3041; x_wconf 87' lang='lat' dir='ltr'><em>nou</em></span> <span class='ocrx_word' id='word_1_205' title='bbox 679 2987 806 3057; x_wconf 87' lang='lat' dir='ltr'><em>cupiant.</em></span> <span class='ocrx_word' id='word_1_206' title='bbox 852 2988 897 3041; x_wconf 73' lang='lat' dir='ltr'><em>tn</em></span> <span class='ocrx_word' id='word_1_207' title='bbox 919 2985 1074 3040; x_wconf 80' lang='lat' dir='ltr'><em>lloeccnati</em></span> <span class='ocrx_word' id='word_1_208' title='bbox 1091 2987 1202 3054; x_wconf 90' lang='lat' dir='ltr'><em>perisse</em></span> <span class='ocrx_word' id='word_1_209' title='bbox 1224 2987 1319 3040; x_wconf 77' lang='lat' dir='ltr'><em>creetis</em></span> <span class='ocrx_word' id='word_1_210' title='bbox 1347 2988 1470 3057; x_wconf 86' lang='lat' dir='ltr'><em>uqettum</em></span> <span class='ocrx_word' id='word_1_211' title='bbox 1491 2987 1639 3056; x_wconf 87' lang='lat' dir='ltr'><em>Sabinum,</em></span> 
     </span>
     <span class='ocr_line' id='line_1_24' title="bbox 343 3070 1638 3144; baseline 0.002 -18"><span class='ocrx_word' id='word_1_212' title='bbox 343 3074 424 3128; x_wconf 88' lang='lat' dir='ltr'><em>euius</em></span> <span class='ocrx_word' id='word_1_213' title='bbox 445 3070 659 3143; x_wconf 75' lang='lat' dir='ltr'><em>usumfructum</em></span> <span class='ocrx_word' id='word_1_214' title='bbox 682 3073 798 3127; x_wconf 84' lang='lat' dir='ltr'><em>donauit</em></span> <span class='ocrx_word' id='word_1_215' title='bbox 822 3072 964 3127; x_wconf 86' lang='lat' dir='ltr'><em>Horatio?</em></span> <span class='ocrx_word' id='word_1_216' title='bbox 997 3071 1062 3124; x_wconf 87' lang='lat' dir='ltr'><em>Non</em></span> <span class='ocrx_word' id='word_1_217' title='bbox 1082 3076 1198 3141; x_wconf 86' lang='lat' dir='ltr'><em>poterat</em></span> <span class='ocrx_word' id='word_1_218' title='bbox 1219 3072 1314 3140; x_wconf 86' lang='lat' dir='ltr'><em>pluris</em></span> <span class='ocrx_word' id='word_1_219' title='bbox 1336 3073 1458 3126; x_wconf 86' lang='lat' dir='ltr'><em>oenetcre</em></span> <span class='ocrx_word' id='word_1_220' title='bbox 1486 3082 1638 3144; x_wconf 86' lang='lat' dir='ltr'><em>quantum-</em></span> 
     </span>
     <span class='ocr_line' id='line_1_25' title="bbox 343 3156 1639 3229; baseline 0.002 -17"><span class='ocrx_word' id='word_1_221' title='bbox 343 3159 406 3212; x_wconf 81' lang='lat' dir='ltr'><em>libet</em></span> <span class='ocrx_word' id='word_1_222' title='bbox 432 3159 552 3229; x_wconf 82' lang='lat' dir='ltr'><em>diliqeus</em></span> <span class='ocrx_word' id='word_1_223' title='bbox 579 3159 746 3228; x_wconf 73' lang='lat' dir='ltr'><em>aequitatum</em></span> <span class='ocrx_word' id='word_1_224' title='bbox 796 3156 878 3223; x_wconf 77' lang='lat' dir='ltr'><em>Quart</em></span> <span class='ocrx_word' id='word_1_225' title='bbox 905 3157 1051 3212; x_wconf 87' lang='lat' dir='ltr'><em>innumeri</em></span> <span class='ocrx_word' id='word_1_226' title='bbox 1077 3170 1158 3227; x_wconf 74' lang='lat' dir='ltr'><em>reyes</em></span> <span class='ocrx_word' id='word_1_227' title='bbox 1185 3157 1323 3212; x_wconf 88' lang='lat' dir='ltr'><em>immensa</em></span> <span class='ocrx_word' id='word_1_228' title='bbox 1347 3159 1474 3227; x_wconf 81' lang='lat' dir='ltr'><em>pecunia</em></span> <span class='ocrx_word' id='word_1_229' title='bbox 1500 3175 1586 3229; x_wconf 88' lang='lat' dir='ltr'><em>quam</em></span> <span class='ocrx_word' id='word_1_230' title='bbox 1609 3160 1639 3214; x_wconf 87' lang='lat' dir='ltr'><em>in</em></span> 
     </span>
     <span class='ocr_line' id='line_1_26' title="bbox 342 3242 1640 3313; baseline 0 -15"><span class='ocrx_word' id='word_1_231' title='bbox 342 3244 465 3298; x_wconf 89' lang='lat' dir='ltr'><em>colossos</em></span> <span class='ocrx_word' id='word_1_232' title='bbox 486 3248 514 3296; x_wconf 86' lang='lat' dir='ltr'><em>et</em></span> <span class='ocrx_word' id='word_1_233' title='bbox 532 3244 702 3313; x_wconf 76' lang='lat' dir='ltr'><em>pyramides</em></span> <span class='ocrx_word' id='word_1_234' title='bbox 723 3244 917 3311; x_wconf 79' lang='lat' dir='ltr'><em>insumebant,</em></span> <span class='ocrx_word' id='word_1_235' title='bbox 950 3242 1165 3312; x_wconf 80' lang='lat' dir='ltr'><em>consequimur</em></span> <span class='ocrx_word' id='word_1_236' title='bbox 1191 3248 1365 3312; x_wconf 87' lang='lat' dir='ltr'><em>potuerunt,</em></span> <span class='ocrx_word' id='word_1_237' title='bbox 1398 3242 1451 3297; x_wconf 83' lang='lat' dir='ltr'><em>boc</em></span> <span class='ocrx_word' id='word_1_238' title='bbox 1480 3244 1531 3297; x_wconf 89' lang='lat' dir='ltr'><em>iste</em></span> <span class='ocrx_word' id='word_1_239' title='bbox 1560 3244 1640 3299; x_wconf 86' lang='lat' dir='ltr'><em>brevi</em></span> 
     </span>
    </p>
   </div>
   <div class='ocr_carea' id='block_1_7' title="bbox 892 3375 1080 3384">
    <p class='ocr_par' dir='ltr' id='par_1_7' title="bbox 892 3375 1080 3384">
     <span class='ocr_line' id='line_1_27' title="bbox 892 3375 1080 3384; baseline -0.011 0"><span class='ocrx_word' id='word_1_240' title='bbox 892 3375 1080 3384; x_wconf 77' lang='lat'><strong>——-——-—</strong></span> 
     </span>
    </p>
   </div>
   <div class='ocr_carea' id='block_1_8' title="bbox 341 3422 1741 3493">
    <p class='ocr_par' dir='ltr' id='par_1_8' title="bbox 341 3422 1741 3493">
     <span class='ocr_line' id='line_1_28' title="bbox 341 3422 1741 3493; baseline 0 -16"><span class='ocrx_word' id='word_1_241' title='bbox 341 3427 455 3477; x_wconf 83' lang='lat' dir='ltr'><strong>XXXII.</strong></span> <span class='ocrx_word' id='word_1_242' title='bbox 486 3440 582 3475; x_wconf 80' lang='lat' dir='ltr'><em>uovvu</em></span> <span class='ocrx_word' id='word_1_243' title='bbox 602 3422 793 3490; x_wconf 72' lang='lat' dir='ltr'><em>ruiitrumoutit</em></span> <span class='ocrx_word' id='word_1_244' title='bbox 818 3441 911 3487; x_wconf 85' lang='lat' dir='ltr'><em>omna,</em></span> <span class='ocrx_word' id='word_1_245' title='bbox 936 3424 1087 3490; x_wconf 83' lang='lat' dir='ltr'><em>diligenter</em></span> <span class='ocrx_word' id='word_1_246' title='bbox 1105 3424 1140 3472; x_wconf 89' lang='lat' dir='ltr'><em>ab</em></span> <span class='ocrx_word' id='word_1_247' title='bbox 1159 3438 1269 3474; x_wconf 83' lang='lat' dir='ltr'><em>sussuo</em></span> <span class='ocrx_word' id='word_1_248' title='bbox 1289 3440 1476 3475; x_wconf 76' lang='lat' dir='ltr'><em>aaruuoosuo</em></span> <span class='ocrx_word' id='word_1_249' title='bbox 1492 3423 1496 3489; x_wconf 70' lang='lat' dir='ltr'><em>l</em></span> <span class='ocrx_word' id='word_1_250' title='bbox 1512 3429 1637 3493; x_wconf 81' lang='lat' dir='ltr'><em>recogni-</em></span> <span class='ocrx_word' id='word_1_251' title='bbox 1737 3481 1741 3485; x_wconf 71' lang='grc'>,</span> 
     </span>
    </p>
   </div>
   <div class='ocr_carea' id='block_1_9' title="bbox 340 3504 1637 4169">
    <p class='ocr_par' dir='ltr' id='par_1_9' title="bbox 340 3504 1637 4169">
     <span class='ocr_line' id='line_1_29' title="bbox 342 3504 1636 3577; baseline 0.001 -17"><span class='ocrx_word' id='word_1_252' title='bbox 342 3516 398 3561; x_wconf 88' lang='lat' dir='ltr'><em>tum</em></span> <span class='ocrx_word' id='word_1_253' title='bbox 421 3510 443 3561; x_wconf 75' lang='lat' dir='ltr'><em>ts</em></span> <span class='ocrx_word' id='word_1_254' title='bbox 467 3509 655 3572; x_wconf 84' lang='lat' dir='ltr'><em>emendatum,</em></span> <span class='ocrx_word' id='word_1_255' title='bbox 728 3504 977 3577; x_wconf 67' lang='grc' dir='ltr'>ΗΗΙΗΗΙΙΙΙΗΙΙΙΙ</span> <span class='ocrx_word' id='word_1_256' title='bbox 1001 3525 1074 3559; x_wconf 76' lang='lat' dir='ltr'><em>suro</em></span> <span class='ocrx_word' id='word_1_257' title='bbox 1094 3525 1237 3558; x_wconf 72' lang='lat' dir='ltr'><em>succussu</em></span> <span class='ocrx_word' id='word_1_258' title='bbox 1256 3507 1260 3573; x_wconf 86' lang='grc' dir='ltr'>Ι</span> <span class='ocrx_word' id='word_1_259' title='bbox 1280 3525 1432 3559; x_wconf 78' lang='lat' dir='ltr'><em>asuusuru:</em></span> <span class='ocrx_word' id='word_1_260' title='bbox 1454 3511 1636 3576; x_wconf 41' lang='lat' dir='ltr'><em>castrassem!</em></span> 
     </span>
     <span class='ocr_line' id='line_1_30' title="bbox 342 3590 1636 3663; baseline -0.002 -17"><span class='ocrx_word' id='word_1_261' title='bbox 342 3595 391 3659; x_wconf 86' lang='grc' dir='ltr'>(ιο.</span> <span class='ocrx_word' id='word_1_262' title='bbox 405 3594 469 3660; x_wconf 82' lang='lat' dir='ltr'><em>sao)</em></span> <span class='ocrx_word' id='word_1_263' title='bbox 479 3594 547 3662; x_wconf 72' lang='lat' dir='ltr'><em>levis</em></span> <span class='ocrx_word' id='word_1_264' title='bbox 565 3610 731 3645; x_wconf 75' lang='lat' dir='ltr'><em>survtusaro</em></span> <span class='ocrx_word' id='word_1_265' title='bbox 746 3591 776 3663; x_wconf 73' lang='grc' dir='ltr'><em>ΗΙ</em></span> <span class='ocrx_word' id='word_1_266' title='bbox 787 3590 804 3663; x_wconf 76' lang='grc' dir='ltr'><em>ΙΙ</em></span> <span class='ocrx_word' id='word_1_267' title='bbox 816 3593 820 3659; x_wconf 90' lang='grc' dir='ltr'>Ι</span> <span class='ocrx_word' id='word_1_268' title='bbox 836 3593 879 3660; x_wconf 90' lang='lat' dir='ltr'><em>[In</em></span> <span class='ocrx_word' id='word_1_269' title='bbox 887 3598 940 3658; x_wconf 81' lang='lat' dir='ltr'><em>fine</em></span> <span class='ocrx_word' id='word_1_270' title='bbox 952 3596 1013 3645; x_wconf 89' lang='lat' dir='ltr'><em>libri</em></span> <span class='ocrx_word' id='word_1_271' title='bbox 1023 3592 1123 3660; x_wconf 87' lang='lat' dir='ltr'><em>teqitnr]</em></span> <span class='ocrx_word' id='word_1_272' title='bbox 1142 3592 1261 3643; x_wconf 63' lang='lat' dir='ltr'><em>Basileia</em></span> <span class='ocrx_word' id='word_1_273' title='bbox 1281 3595 1309 3643; x_wconf 91' lang='lat' dir='ltr'><em>iu</em></span> <span class='ocrx_word' id='word_1_274' title='bbox 1328 3595 1433 3644; x_wconf 69' lang='lat' dir='ltr'><em>uallibus</em></span> <span class='ocrx_word' id='word_1_275' title='bbox 1446 3596 1558 3644; x_wconf 83' lang='lat' dir='ltr'><em>loannis</em></span> <span class='ocrx_word' id='word_1_276' title='bbox 1570 3597 1636 3645; x_wconf 84' lang='lat' dir='ltr'><em>Fro-</em></span> 
     </span>
     <span class='ocr_line' id='line_1_31' title="bbox 340 3676 1636 3745; baseline 0.001 -16"><span class='ocrx_word' id='word_1_277' title='bbox 340 3679 416 3745; x_wconf 85' lang='lat' dir='ltr'><em>benij</em></span> <span class='ocrx_word' id='word_1_278' title='bbox 430 3677 705 3745; x_wconf 78' lang='lat' dir='ltr'><em>Hammelburgcusis</em></span> <span class='ocrx_word' id='word_1_279' title='bbox 721 3678 725 3745; x_wconf 77' lang='grc' dir='ltr'>Ι</span> <span class='ocrx_word' id='word_1_280' title='bbox 740 3678 835 3730; x_wconf 79' lang='lat' dir='ltr'><em>biensa</em></span> <span class='ocrx_word' id='word_1_281' title='bbox 848 3680 1010 3729; x_wconf 81' lang='lat' dir='ltr'><em>Februario.</em></span> <span class='ocrx_word' id='word_1_282' title='bbox 1026 3679 1112 3728; x_wconf 76' lang='lat' dir='ltr'><em>Anno,</em></span> <span class='ocrx_word' id='word_1_283' title='bbox 1127 3679 1285 3728; x_wconf 76' lang='lat' dir='ltr'><em>M.1).x.t1.</em></span> <span class='ocrx_word' id='word_1_284' title='bbox 1306 3676 1420 3744; x_wconf 82' lang='lat' dir='ltr'><em>[Erasmi</em></span> <span class='ocrx_word' id='word_1_285' title='bbox 1431 3683 1467 3729; x_wconf 84' lang='lat' dir='ltr'><em>ad</em></span> <span class='ocrx_word' id='word_1_286' title='bbox 1477 3681 1589 3730; x_wconf 87' lang='lat' dir='ltr'><em>Leonem</em></span> <span class='ocrx_word' id='word_1_287' title='bbox 1602 3680 1636 3730; x_wconf 83' lang='grc' dir='ltr'><em>Χ.</em></span> 
     </span>
     <span class='ocr_line' id='line_1_32' title="bbox 341 3760 1637 3831; baseline -0.002 -15"><span class='ocrx_word' id='word_1_288' title='bbox 341 3782 382 3831; x_wconf 85' lang='lat' dir='ltr'><em>ep.</em></span> <span class='ocrx_word' id='word_1_289' title='bbox 404 3767 488 3816; x_wconf 83' lang='lat' dir='ltr'><em>dedic.</em></span> <span class='ocrx_word' id='word_1_290' title='bbox 506 3766 571 3814; x_wconf 84' lang='lat' dir='ltr'><em>duta</em></span> <span class='ocrx_word' id='word_1_291' title='bbox 588 3762 762 3814; x_wconf 65' lang='lat' dir='ltr'><em>estuantem.</em></span> <span class='ocrx_word' id='word_1_292' title='bbox 782 3781 854 3814; x_wconf 75' lang='lat' dir='ltr'><em>asino</em></span> <span class='ocrx_word' id='word_1_293' title='bbox 867 3766 944 3814; x_wconf 78' lang='grc' dir='ltr'>Μ,1).</span> <span class='ocrx_word' id='word_1_294' title='bbox 952 3764 1025 3815; x_wconf 84' lang='lat' dir='ltr'><em>XVI.</em></span> <span class='ocrx_word' id='word_1_295' title='bbox 1040 3763 1164 3813; x_wconf 83' lang='lat' dir='ltr'><em>calendis</em></span> <span class='ocrx_word' id='word_1_296' title='bbox 1183 3760 1352 3828; x_wconf 75' lang='lat' dir='ltr'><em>februariis]</em></span> <span class='ocrx_word' id='word_1_297' title='bbox 1373 3764 1420 3813; x_wconf 85' lang='lat' dir='ltr'><em>fol.</em></span> <span class='ocrx_word' id='word_1_298' title='bbox 1440 3764 1589 3831; x_wconf 78' lang='lat' dir='ltr'><em>pagg.555.</em></span> <span class='ocrx_word' id='word_1_299' title='bbox 1597 3779 1637 3830; x_wconf 92' lang='lat' dir='ltr'><em>sq.</em></span> 
     </span>
     <span class='ocr_line' id='line_1_33' title="bbox 342 3848 1637 3917; baseline -0.001 -16"><span class='ocrx_word' id='word_1_300' title='bbox 342 3849 481 3917; x_wconf 74' lang='lat' dir='ltr'><em>[Exempla</em></span> <span class='ocrx_word' id='word_1_301' title='bbox 492 3867 516 3899; x_wconf 86' lang='lat' dir='ltr'><em>u.</em></span> <span class='ocrx_word' id='word_1_302' title='bbox 525 3848 600 3899; x_wconf 80' lang='lat'>1519.</span> <span class='ocrx_word' id='word_1_303' title='bbox 614 3855 640 3898; x_wconf 88' lang='lat' dir='ltr'><em>et</em></span> <span class='ocrx_word' id='word_1_304' title='bbox 654 3848 726 3899; x_wconf 74' lang='lat'><em>1522.</em></span> <span class='ocrx_word' id='word_1_305' title='bbox 740 3851 851 3899; x_wconf 87' lang='lat' dir='ltr'><em>Hutteni</em></span> <span class='ocrx_word' id='word_1_306' title='bbox 860 3853 1014 3914; x_wconf 74' lang='lat' dir='ltr'><em>praeconium</em></span> <span class='ocrx_word' id='word_1_307' title='bbox 1028 3851 1171 3913; x_wconf 81' lang='lat' dir='ltr'><em>repetentia</em></span> <span class='ocrx_word' id='word_1_308' title='bbox 1184 3865 1233 3898; x_wconf 89' lang='lat' dir='ltr'><em>non</em></span> <span class='ocrx_word' id='word_1_309' title='bbox 1245 3852 1400 3899; x_wconf 72' lang='lat' dir='ltr'><em>contraimus.</em></span> <span class='ocrx_word' id='word_1_310' title='bbox 1422 3852 1484 3900; x_wconf 80' lang='lat' dir='ltr'><em>ettad</em></span> <span class='ocrx_word' id='word_1_311' title='bbox 1495 3853 1520 3899; x_wconf 86' lang='lat' dir='ltr'><em>in</em></span> <span class='ocrx_word' id='word_1_312' title='bbox 1532 3866 1637 3917; x_wconf 82' lang='lat' dir='ltr'><em>sequen·</em></span> 
     </span>
     <span class='ocr_line' id='line_1_34' title="bbox 340 3933 1636 3999; baseline 0.002 -16"><span class='ocrx_word' id='word_1_313' title='bbox 340 3936 406 3985; x_wconf 88' lang='lat' dir='ltr'><em>tibus</em></span> <span class='ocrx_word' id='word_1_314' title='bbox 418 3933 569 3984; x_wconf 82' lang='lat' dir='ltr'><em>editionibus</em></span> <span class='ocrx_word' id='word_1_315' title='bbox 581 3933 704 3983; x_wconf 82' lang='lat' dir='ltr'><em>Erasmus</em></span> <span class='ocrx_word' id='word_1_316' title='bbox 717 3937 771 3997; x_wconf 86' lang='lat' dir='ltr'><em>ipse</em></span> <span class='ocrx_word' id='word_1_317' title='bbox 784 3939 884 3993; x_wconf 66' lang='lat' dir='ltr'><em>exemit</em></span> <span class='ocrx_word' id='word_1_318' title='bbox 897 3941 924 3983; x_wconf 92' lang='lat' dir='ltr'><em>ut</em></span> <span class='ocrx_word' id='word_1_319' title='bbox 937 3939 1010 3984; x_wconf 83' lang='lat' dir='ltr'><em>etiam</em></span> <span class='ocrx_word' id='word_1_320' title='bbox 1024 3934 1125 3999; x_wconf 88' lang='lat' dir='ltr'><em>inpp.</em></span> <span class='ocrx_word' id='word_1_321' title='bbox 1139 3934 1374 3984; x_wconf 76' lang='lat' dir='ltr'><em>ErasmiBasileur</em></span> <span class='ocrx_word' id='word_1_322' title='bbox 1389 3951 1414 3984; x_wconf 85' lang='lat' dir='ltr'><em>a.</em></span> <span class='ocrx_word' id='word_1_323' title='bbox 1424 3934 1497 3985; x_wconf 72' lang='lat'><em>1540.</em></span> <span class='ocrx_word' id='word_1_324' title='bbox 1513 3936 1560 3986; x_wconf 83' lang='lat' dir='ltr'><em>fol.</em></span> <span class='ocrx_word' id='word_1_325' title='bbox 1575 3935 1636 3986; x_wconf 84' lang='lat' dir='ltr'><em>edd.</em></span> 
     </span>
     <span class='ocr_line' id='line_1_35' title="bbox 340 4017 1637 4091; baseline 0.001 -21"><span class='ocrx_word' id='word_1_326' title='bbox 340 4026 404 4070; x_wconf 87' lang='lat' dir='ltr'><em>tom.</em></span> <span class='ocrx_word' id='word_1_327' title='bbox 412 4020 460 4069; x_wconf 88' lang='lat' dir='ltr'><em>VI.</em></span> <span class='ocrx_word' id='word_1_328' title='bbox 471 4036 496 4085; x_wconf 88' lang='lat' dir='ltr'><em>p.</em></span> <span class='ocrx_word' id='word_1_329' title='bbox 505 4017 578 4084; x_wconf 60' lang='lat'><em>650„</em></span> <span class='ocrx_word' id='word_1_330' title='bbox 599 4025 657 4068; x_wconf 85' lang='lat' dir='ltr'><em>item</em></span> <span class='ocrx_word' id='word_1_331' title='bbox 675 4018 704 4067; x_wconf 87' lang='lat' dir='ltr'><em>in</em></span> <span class='ocrx_word' id='word_1_332' title='bbox 716 4019 857 4083; x_wconf 82' lang='lat' dir='ltr'><em>Leydonsi</em></span> <span class='ocrx_word' id='word_1_333' title='bbox 875 4020 999 4085; x_wconf 79' lang='lat' dir='ltr'><em>exemplo</em></span> <span class='ocrx_word' id='word_1_334' title='bbox 1016 4024 1179 4091; x_wconf 74' lang='lat' dir='ltr'><em>taumiacus,</em></span> <span class='ocrx_word' id='word_1_335' title='bbox 1200 4023 1243 4085; x_wconf 88' lang='lat' dir='ltr'><em>qui</em></span> <span class='ocrx_word' id='word_1_336' title='bbox 1257 4019 1289 4069; x_wconf 88' lang='lat' dir='ltr'><em>ab</em></span> <span class='ocrx_word' id='word_1_337' title='bbox 1307 4020 1432 4070; x_wconf 88' lang='lat' dir='ltr'><em>Italorum</em></span> <span class='ocrx_word' id='word_1_338' title='bbox 1449 4022 1524 4072; x_wconf 84' lang='lat' dir='ltr'><em>laude</em></span> <span class='ocrx_word' id='word_1_339' title='bbox 1541 4024 1637 4087; x_wconf 85' lang='lat' dir='ltr'><em>incipit,</em></span> 
     </span>
     <span class='ocr_line' id='line_1_36' title="bbox 898 4102 1077 4169; baseline -0.006 -15"><span class='ocrx_word' id='word_1_340' title='bbox 898 4108 1002 4154; x_wconf 69' lang='lat' dir='ltr'><em>obtusus</em></span> <span class='ocrx_word' id='word_1_341' title='bbox 1020 4102 1077 4169; x_wconf 73' lang='lat' dir='ltr'><em>est]</em></span> 
     </span>
    </p>
   </div>
   <div class='ocr_carea' id='block_1_10' title="bbox 338 4239 1640 4899">
    <p class='ocr_par' dir='ltr' id='par_1_10' title="bbox 339 4239 1638 4646">
     <span class='ocr_line' id='line_1_37' title="bbox 407 4239 1637 4309; baseline 0.001 -19"><span class='ocrx_word' id='word_1_342' title='bbox 407 4240 416 4272; x_wconf 93' lang='lat'><strong>¹</strong></span> <span class='ocrx_word' id='word_1_343' title='bbox 434 4240 522 4290; x_wconf 86' lang='lat' dir='ltr'><em>licent</em></span> <span class='ocrx_word' id='word_1_344' title='bbox 537 4244 562 4290; x_wconf 81' lang='grc'><em>3.</em></span> <span class='ocrx_word' id='word_1_345' title='bbox 649 4239 660 4271; x_wconf 82' lang='lat'><strong>²</strong></span> <span class='ocrx_word' id='word_1_346' title='bbox 677 4240 802 4291; x_wconf 83' lang='lat' dir='ltr'><em>Editores</em></span> <span class='ocrx_word' id='word_1_347' title='bbox 818 4256 903 4291; x_wconf 87' lang='lat' dir='ltr'><em>omnes</em></span> <span class='ocrx_word' id='word_1_348' title='bbox 920 4247 946 4289; x_wconf 90' lang='lat' dir='ltr'><em>et</em></span> <span class='ocrx_word' id='word_1_349' title='bbox 959 4241 1072 4291; x_wconf 81' lang='lat' dir='ltr'><em>Burcli.</em></span> <span class='ocrx_word' id='word_1_350' title='bbox 1085 4247 1159 4292; x_wconf 87' lang='lat' dir='ltr'><em>etiam</em></span> <span class='ocrx_word' id='word_1_351' title='bbox 1179 4244 1210 4306; x_wconf 77' lang='lat' dir='ltr'><em>tl.</em></span> <span class='ocrx_word' id='word_1_352' title='bbox 1223 4260 1251 4306; x_wconf 90' lang='lat' dir='ltr'><em>p.</em></span> <span class='ocrx_word' id='word_1_353' title='bbox 1262 4243 1375 4309; x_wconf 61' lang='lat' dir='ltr'><em>liusq.)</em></span> <span class='ocrx_word' id='word_1_354' title='bbox 1395 4259 1467 4292; x_wconf 86' lang='lat' dir='ltr'><em>auno</em></span> <span class='ocrx_word' id='word_1_355' title='bbox 1479 4244 1637 4293; x_wconf 84' lang='lat' dir='ltr'><em>M.D.XVI.</em></span> 
     </span>
     <span class='ocr_line' id='line_1_38' title="bbox 339 4327 1637 4394; baseline 0.001 -19"><span class='ocrx_word' id='word_1_356' title='bbox 339 4328 478 4382; x_wconf 82' lang='lat' dir='ltr'><em>dederunt,</em></span> <span class='ocrx_word' id='word_1_357' title='bbox 497 4342 547 4390; x_wconf 89' lang='lat' dir='ltr'><em>per</em></span> <span class='ocrx_word' id='word_1_358' title='bbox 558 4341 688 4384; x_wconf 87' lang='lat' dir='ltr'><em>errorem,</em></span> <span class='ocrx_word' id='word_1_359' title='bbox 705 4332 733 4374; x_wconf 90' lang='lat' dir='ltr'><em>ut</em></span> <span class='ocrx_word' id='word_1_360' title='bbox 744 4332 879 4391; x_wconf 85' lang='lat' dir='ltr'><em>sequentes</em></span> <span class='ocrx_word' id='word_1_361' title='bbox 895 4328 1009 4376; x_wconf 72' lang='lat' dir='ltr'><em>Valeant</em></span> <span class='ocrx_word' id='word_1_362' title='bbox 1020 4328 1178 4394; x_wconf 82' lang='lat' dir='ltr'><em>Iluttenique</em></span> <span class='ocrx_word' id='word_1_363' title='bbox 1194 4333 1310 4392; x_wconf 65' lang='lat' dir='ltr'><em>epistota*</em></span> <span class='ocrx_word' id='word_1_364' title='bbox 1330 4333 1394 4378; x_wconf 85' lang='lat' dir='ltr'><em>sutis</em></span> <span class='ocrx_word' id='word_1_365' title='bbox 1407 4331 1550 4378; x_wconf 81' lang='lat' dir='ltr'><em>ostendunt.</em></span> <span class='ocrx_word' id='word_1_366' title='bbox 1587 4327 1637 4376; x_wconf 84' lang='lat' dir='ltr'><em>Ca·</em></span> 
     </span>
     <span class='ocr_line' id='line_1_39' title="bbox 339 4410 1638 4478; baseline -0.001 -17"><span class='ocrx_word' id='word_1_367' title='bbox 339 4416 429 4461; x_wconf 83' lang='lat' dir='ltr'><em>terum</em></span> <span class='ocrx_word' id='word_1_368' title='bbox 447 4410 573 4460; x_wconf 83' lang='lat' dir='ltr'><em>Clericus</em></span> <span class='ocrx_word' id='word_1_369' title='bbox 590 4411 620 4459; x_wconf 90' lang='lat' dir='ltr'><em>in</em></span> <span class='ocrx_word' id='word_1_370' title='bbox 638 4411 888 4476; x_wconf 85' lang='lat' dir='ltr'><em>subscriptionibus</em></span> <span class='ocrx_word' id='word_1_371' title='bbox 906 4412 1028 4462; x_wconf 87' lang='lat' dir='ltr'><em>locorum</em></span> <span class='ocrx_word' id='word_1_372' title='bbox 1048 4417 1077 4462; x_wconf 84' lang='lat' dir='ltr'><em>et</em></span> <span class='ocrx_word' id='word_1_373' title='bbox 1094 4413 1199 4462; x_wconf 84' lang='lat' dir='ltr'><em>dicrum</em></span> <span class='ocrx_word' id='word_1_374' title='bbox 1217 4413 1319 4477; x_wconf 84' lang='lat' dir='ltr'><em>ubique</em></span> <span class='ocrx_word' id='word_1_375' title='bbox 1343 4429 1392 4478; x_wconf 84' lang='lat' dir='ltr'><em>pro</em></span> <span class='ocrx_word' id='word_1_376' title='bbox 1412 4420 1553 4463; x_wconf 89' lang='lat' dir='ltr'><em>auctorum</em></span> <span class='ocrx_word' id='word_1_377' title='bbox 1571 4410 1638 4461; x_wconf 86' lang='lat' dir='ltr'><em>seri-</em></span> 
     </span>
     <span class='ocr_line' id='line_1_40' title="bbox 339 4496 1638 4561; baseline -0.002 -15"><span class='ocrx_word' id='word_1_378' title='bbox 339 4496 424 4546; x_wconf 85' lang='lat' dir='ltr'><em>bendi</em></span> <span class='ocrx_word' id='word_1_379' title='bbox 442 4510 517 4545; x_wconf 85' lang='lat' dir='ltr'><em>mora</em></span> <span class='ocrx_word' id='word_1_380' title='bbox 535 4510 585 4545; x_wconf 90' lang='lat' dir='ltr'><em>suo</em></span> <span class='ocrx_word' id='word_1_381' title='bbox 598 4497 693 4561; x_wconf 85' lang='lat' dir='ltr'><em>ipsius,</em></span> <span class='ocrx_word' id='word_1_382' title='bbox 714 4497 761 4561; x_wconf 85' lang='lat' dir='ltr'><em>qui</em></span> <span class='ocrx_word' id='word_1_383' title='bbox 779 4511 870 4561; x_wconf 85' lang='lat' dir='ltr'><em>perse</em></span> <span class='ocrx_word' id='word_1_384' title='bbox 884 4512 918 4545; x_wconf 88' lang='lat' dir='ltr'><em>na</em></span> <span class='ocrx_word' id='word_1_385' title='bbox 935 4497 1025 4546; x_wconf 87' lang='lat' dir='ltr'><em>iustus</em></span> <span class='ocrx_word' id='word_1_386' title='bbox 1044 4498 1153 4561; x_wconf 78' lang='lat' dir='ltr'><em>quidem</em></span> <span class='ocrx_word' id='word_1_387' title='bbox 1173 4502 1226 4558; x_wconf 85' lang='lat' dir='ltr'><em>ast,</em></span> <span class='ocrx_word' id='word_1_388' title='bbox 1246 4503 1350 4546; x_wconf 80' lang='lat' dir='ltr'><em>temere</em></span> <span class='ocrx_word' id='word_1_389' title='bbox 1369 4499 1463 4546; x_wconf 85' lang='lat' dir='ltr'><em>utitur.</em></span> <span class='ocrx_word' id='word_1_390' title='bbox 1498 4498 1638 4546; x_wconf 86' lang='lat' dir='ltr'><em>Hutteuus</em></span> 
     </span>
     <span class='ocr_line' id='line_1_41' title="bbox 339 4579 1442 4646; baseline -0.001 -16"><span class='ocrx_word' id='word_1_391' title='bbox 339 4579 435 4646; x_wconf 84' lang='lat' dir='ltr'><em>procul</em></span> <span class='ocrx_word' id='word_1_392' title='bbox 448 4580 531 4631; x_wconf 87' lang='lat' dir='ltr'><em>dubio</em></span> <span class='ocrx_word' id='word_1_393' title='bbox 544 4582 695 4646; x_wconf 79' lang='lat' dir='ltr'><em>scripserat</em></span> <span class='ocrx_word' id='word_1_394' title='bbox 709 4581 878 4631; x_wconf 84' lang='lat' dir='ltr'><em>‘Wormatioe</em></span> <span class='ocrx_word' id='word_1_395' title='bbox 897 4581 944 4629; x_wconf 88' lang='lat' dir='ltr'><em>IX.</em></span> <span class='ocrx_word' id='word_1_396' title='bbox 959 4580 1056 4631; x_wconf 83' lang='lat' dir='ltr'><em>Calari.</em></span> <span class='ocrx_word' id='word_1_397' title='bbox 1069 4580 1202 4631; x_wconf 84' lang='lat' dir='ltr'><em>Novcmb.</em></span> <span class='ocrx_word' id='word_1_398' title='bbox 1217 4597 1288 4629; x_wconf 76' lang='lat' dir='ltr'><em>asino</em></span> <span class='ocrx_word' id='word_1_399' title='bbox 1301 4583 1337 4630; x_wconf 82' lang='lat' dir='ltr'><em>M.</em></span> <span class='ocrx_word' id='word_1_400' title='bbox 1344 4581 1442 4629; x_wconf 68' lang='lat' dir='ltr'><em>MV.</em></span> 
     </span>
    </p>

    <p class='ocr_par' dir='ltr' id='par_1_11' title="bbox 338 4664 1640 4899">
     <span class='ocr_line' id='line_1_42' title="bbox 407 4664 1636 4729; baseline -0.002 -14"><span class='ocrx_word' id='word_1_401' title='bbox 407 4664 418 4696; x_wconf 85' lang='lat'>⁷</span> <span class='ocrx_word' id='word_1_402' title='bbox 435 4666 580 4715; x_wconf 79' lang='lat' dir='ltr'><em>Recensiti</em></span> <span class='ocrx_word' id='word_1_403' title='bbox 593 4671 656 4715; x_wconf 88' lang='lat' dir='ltr'><em>sunt</em></span> <span class='ocrx_word' id='word_1_404' title='bbox 669 4665 896 4717; x_wconf 85' lang='lat' dir='ltr'><em>Guil.Waramus</em></span> <span class='ocrx_word' id='word_1_405' title='bbox 910 4664 1018 4715; x_wconf 80' lang='lat' dir='ltr'><em>etGuil.</em></span> <span class='ocrx_word' id='word_1_406' title='bbox 1027 4667 1178 4714; x_wconf 86' lang='lat' dir='ltr'><em>Montioius</em></span> <span class='ocrx_word' id='word_1_407' title='bbox 1188 4664 1284 4726; x_wconf 66' lang='lat' dir='ltr'><em>Angli,</em></span> <span class='ocrx_word' id='word_1_408' title='bbox 1301 4664 1446 4729; x_wconf 83' lang='lat' dir='ltr'><em>pontificos</em></span> <span class='ocrx_word' id='word_1_409' title='bbox 1456 4664 1636 4725; x_wconf 85' lang='lat' dir='ltr'><em>NieolausV.‚</em></span> 
     </span>
     <span class='ocr_line' id='line_1_43' title="bbox 338 4747 1638 4812; baseline -0.002 -13"><span class='ocrx_word' id='word_1_410' title='bbox 338 4752 420 4812; x_wconf 82' lang='lat' dir='ltr'><em>Pius,</em></span> <span class='ocrx_word' id='word_1_411' title='bbox 440 4750 560 4812; x_wconf 84' lang='lat' dir='ltr'><em>LeoX.,</em></span> <span class='ocrx_word' id='word_1_412' title='bbox 586 4752 735 4802; x_wconf 82' lang='lat' dir='ltr'><em>Bessarion</em></span> <span class='ocrx_word' id='word_1_413' title='bbox 754 4756 782 4799; x_wconf 86' lang='lat' dir='ltr'><em>et</em></span> <span class='ocrx_word' id='word_1_414' title='bbox 798 4750 999 4801; x_wconf 87' lang='lat' dir='ltr'><em>Medicansium</em></span> <span class='ocrx_word' id='word_1_415' title='bbox 1018 4750 1141 4812; x_wconf 84' lang='lat' dir='ltr'><em>familia,</em></span> <span class='ocrx_word' id='word_1_416' title='bbox 1168 4765 1201 4798; x_wconf 80' lang='lat' dir='ltr'><em>cs</em></span> <span class='ocrx_word' id='word_1_417' title='bbox 1225 4747 1315 4798; x_wconf 84' lang='lat' dir='ltr'><em>Gallis</em></span> <span class='ocrx_word' id='word_1_418' title='bbox 1337 4748 1430 4797; x_wconf 81' lang='lat' dir='ltr'><em>Faber</em></span> <span class='ocrx_word' id='word_1_419' title='bbox 1454 4748 1638 4812; x_wconf 75' lang='lat' dir='ltr'><em>stapulensis,</em></span> 
     </span>
     <span class='ocr_line' id='line_1_44' title="bbox 340 4832 1640 4899; baseline -0.002 -14"><span class='ocrx_word' id='word_1_420' title='bbox 340 4834 413 4885; x_wconf 83' lang='lat' dir='ltr'><em>Guil.</em></span> <span class='ocrx_word' id='word_1_421' title='bbox 427 4835 607 4897; x_wconf 83' lang='lat' dir='ltr'><em>Bricouetus,</em></span> <span class='ocrx_word' id='word_1_422' title='bbox 633 4833 706 4883; x_wconf 83' lang='lat' dir='ltr'><em>Guil.</em></span> <span class='ocrx_word' id='word_1_423' title='bbox 720 4834 825 4899; x_wconf 82' lang='lat' dir='ltr'><em>Capua,</em></span> <span class='ocrx_word' id='word_1_424' title='bbox 846 4852 880 4884; x_wconf 76' lang='lat' dir='ltr'><em>ex</em></span> <span class='ocrx_word' id='word_1_425' title='bbox 896 4835 1042 4884; x_wconf 84' lang='lat' dir='ltr'><em>Germanis</em></span> <span class='ocrx_word' id='word_1_426' title='bbox 1055 4835 1110 4883; x_wconf 86' lang='lat' dir='ltr'><em>Iac.</em></span> <span class='ocrx_word' id='word_1_427' title='bbox 1125 4833 1274 4895; x_wconf 86' lang='lat' dir='ltr'><em>Sturmius,</em></span> <span class='ocrx_word' id='word_1_428' title='bbox 1288 4832 1359 4881; x_wconf 87' lang='lat' dir='ltr'><em>Phil.</em></span> <span class='ocrx_word' id='word_1_429' title='bbox 1373 4832 1585 4892; x_wconf 85' lang='lat' dir='ltr'><em>Molauchthon,</em></span> <span class='ocrx_word' id='word_1_430' title='bbox 1606 4848 1640 4882; x_wconf 85' lang='lat' dir='ltr'><em>ax</em></span> 
     </span>
    </p>
   </div>
   <div class='ocr_carea' id='block_1_11' title="bbox 340 4906 1638 5153">
    <p class='ocr_par' dir='ltr' id='par_1_12' title="bbox 340 4906 1638 5153">
     <span class='ocr_line' id='line_1_45' title="bbox 340 4906 1637 4982; baseline -0.003 -12"><span class='ocrx_word' id='word_1_431' title='bbox 340 4918 469 4971; x_wconf 80' lang='lat' dir='ltr'><em>Helvetis</em></span> <span class='ocrx_word' id='word_1_432' title='bbox 487 4920 668 4969; x_wconf 81' lang='lat' dir='ltr'><em>Amorbachii</em></span> <span class='ocrx_word' id='word_1_433' title='bbox 687 4920 801 4979; x_wconf 82' lang='lat' dir='ltr'><em>fratres,</em></span> <span class='ocrx_word' id='word_1_434' title='bbox 822 4921 907 4969; x_wconf 81' lang='lat' dir='ltr'><em>Hauc.</em></span> <span class='ocrx_word' id='word_1_435' title='bbox 929 4918 1094 4969; x_wconf 83' lang='lat' dir='ltr'><em>Glareanus.</em></span> <span class='ocrx_word' id='word_1_436' title='bbox 1186 4918 1349 4980; x_wconf 68' lang='lat' dir='ltr'><em>”Qtrasoet</em></span> <span class='ocrx_word' id='word_1_437' title='bbox 1438 4916 1459 4948; x_wconf 57' lang='grc' dir='ltr'><em>’ὅ</em></span> <span class='ocrx_word' id='word_1_438' title='bbox 1482 4906 1549 4967; x_wconf 82' lang='grc' dir='ltr'><em>οὔτε</em></span> <span class='ocrx_word' id='word_1_439' title='bbox 1568 4914 1637 4982; x_wconf 65' lang='lat' dir='ltr'><em>nri]</em></span> 
     </span>
     <span class='ocr_line' id='line_1_46' title="bbox 340 4999 1638 5069; baseline -0.002 -15"><span class='ocrx_word' id='word_1_440' title='bbox 340 5003 629 5069; x_wconf 76' lang='lat' dir='ltr'><em>Aristoph.1‘tut.408.</em></span> <span class='ocrx_word' id='word_1_441' title='bbox 648 5005 744 5069; x_wconf 82' lang='lat' dir='ltr'><em>Neque</em></span> <span class='ocrx_word' id='word_1_442' title='bbox 757 5006 899 5069; x_wconf 86' lang='lat' dir='ltr'><em>praemium</em></span> <span class='ocrx_word' id='word_1_443' title='bbox 913 5009 956 5056; x_wconf 83' lang='lat' dir='ltr'><em>est</em></span> <span class='ocrx_word' id='word_1_444' title='bbox 973 5003 1070 5065; x_wconf 84' lang='lat' dir='ltr'><em>ullum,</em></span> <span class='ocrx_word' id='word_1_445' title='bbox 1091 5019 1180 5068; x_wconf 82' lang='lat' dir='ltr'><em>neque</em></span> <span class='ocrx_word' id='word_1_446' title='bbox 1199 5004 1293 5069; x_wconf 83' lang='lat' dir='ltr'><em>magui</em></span> <span class='ocrx_word' id='word_1_447' title='bbox 1306 5018 1350 5051; x_wconf 86' lang='lat' dir='ltr'><em>ars</em></span> <span class='ocrx_word' id='word_1_448' title='bbox 1363 5002 1424 5067; x_wconf 91' lang='lat' dir='ltr'><em>ipsa</em></span> <span class='ocrx_word' id='word_1_449' title='bbox 1437 5000 1476 5051; x_wconf 84' lang='lat' dir='ltr'><em>fit.</em></span> <span class='ocrx_word' id='word_1_450' title='bbox 1537 4999 1557 5032; x_wconf 76' lang='lat'><em>²¹</em></span> <span class='ocrx_word' id='word_1_451' title='bbox 1571 5002 1638 5051; x_wconf 86' lang='lat' dir='ltr'><em>Mos·</em></span> 
     </span>
     <span class='ocr_line' id='line_1_47' title="bbox 343 5089 654 5153; baseline -0.006 -13"><span class='ocrx_word' id='word_1_452' title='bbox 343 5090 438 5140; x_wconf 84' lang='lat' dir='ltr'><em>cenati</em></span> <span class='ocrx_word' id='word_1_453' title='bbox 450 5090 475 5140; x_wconf 83' lang='lat' dir='ltr'><em>A</em></span> <span class='ocrx_word' id='word_1_454' title='bbox 489 5096 514 5140; x_wconf 89' lang='lat' dir='ltr'><em>et</em></span> <span class='ocrx_word' id='word_1_455' title='bbox 525 5092 563 5140; x_wconf 87' lang='lat' dir='ltr'><em>sic</em></span> <span class='ocrx_word' id='word_1_456' title='bbox 574 5089 654 5153; x_wconf 78' lang='lat' dir='ltr'><em>infra.</em></span> 
     </span>
    </p>
   </div>
   <div class='ocr_carea' id='block_1_12' title="bbox 0 0 2038 6209">
    <p class='ocr_par' dir='ltr' id='par_1_13' title="bbox 0 0 2038 6209">
     <span class='ocr_line' id='line_1_48' title="bbox 0 0 2038 6209; baseline 0 2"><span class='ocrx_word' id='word_1_457' title='bbox 0 0 2038 6209; x_wconf 95' lang='lat' dir='ltr'><em> </em></span> 
     </span>
    </p>
   </div>
  </div>
 </body>
</html>
