4067 6209
530 806 559 860 c-
573 823 695 859 HV'f'l'Elil
708 823 745 860 An
759 823 938 861 nummati.
952 822 1010 858 ntt’.
1025 820 1145 858 flanona.
1159 822 1196 859 Ar>
1208 822 1288 859 aaut„
1301 822 1325 858 ff·
1336 823 1435 860 vitun.
1448 815 1505 859 ffth·
1594 792 1668 868 233

290 1098 297 1107 ι
378 1030 522 1097 [aversan
542 1028 781 1095 rinocereenvuf]
1005 1012 1048 1088 O
1347 1028 1410 1097 [sva
1428 1046 1515 1081 rinna
1533 1047 1559 1083 Δ.
1580 1032 1657 1100 taisi]

1333 1102 1672 1114 ———-...——-..-.

794 1206 797 1212 ·
830 1184 980 1245 uenient
1003 1186 1051 1247 AB
1073 1185 1224 1248 HVT'fEN

875 1290 1005 1337 EQVlTlS
1031 1291 1174 1332 GERMANI

635 1376 676 1430 au
699 1375 940 1431 lNl'ICTlSSllfl'lf
961 1376 1136 1433 Plflll'ClPEll
1157 1376 1413 1441 unxuuttnnvtt.

796 1477 998 1518 noiraneavn
1022 1478 1256 1518 inclinaremur

597 1562 638 1601 vr
662 1560 790 1602 aeeavn
814 1562 847 1601 ru
871 1562 1018 1603 veneres
1044 1563 1194 1604 ceceanu
1217 1562 1453 1613 Puoseovarvn

860 1644 1197 1695 EXHORTATORIVMs

927 1779 1132 1831 PRAEFATIO.

468 1918 500 1978 lu
523 1919 588 1977 ioco
610 1916 751 1978 audacem
774 1936 838 1977 esse
861 1917 937 1994 apud
960 1924 989 1977 te
1016 1919 1040 1977 si
1068 1923 1221 1995 peccatum
1250 1924 1308 1987 est,
1337 1919 1446 1989 Caesar,
1474 1921 1591 1999 peccavi
1620 1931 1728 1999 egeat.

351 2023 433 2100 requi
462 2022 519 2081 hoc
548 2020 583 2080 ad
613 2027 640 2079 te
668 2019 1098 2079 exhortatoriumconcinnari
1126 2020 1305 2097 imprudens.
1350 2029 1380 2081 at
1402 2023 1470 2100 quid
1497 2024 1580 2083 istius
1601 2032 1674 2084 tem-

382 2127 463 2204 poris
484 2123 562 2183 aliud
587 2123 731 2181 facerem?
764 2122 905 2197 tantisper
928 2119 1042 2181 libitum
1064 2108 1192 2182 insaniie
1215 2129 1273 2193 est,
1303 2125 1373 2184 dum
1396 2143 1450 2202 per
1471 2133 1585 2185 aetatem
1608 2143 1675 2203 pos-

383 2229 438 2286 sim
466 2243 554 2303 opera
585 2223 635 2283 tibi
663 2222 759 2302 aliqua
789 2242 853 2282 mea
880 2221 1030 2300 prodesse.
1080 2224 1158 2302 qued
1187 2225 1210 2283 si
1243 2244 1322 2286 iiuric
1353 2227 1555 2304 aequanimiter
1588 2230 1675 2298 feres,

384 2347 471 2407 qnam
495 2326 581 2394 milii,
605 2325 681 2385 liene
704 2325 829 2402 Iupiter,
853 2324 974 2402 augebis
996 2324 1033 2383 ad
1056 2326 1245 2387 scribendum
1268 2326 1455 2388 iudustriam:
1486 2329 1572 2409 plane
1594 2331 1624 2389 in
1647 2338 1676 2390 te

384 2428 501 2507 aliquod
531 2434 576 2486 est
606 2427 788 2486 confidentiae
819 2427 905 2486 hrains
933 2425 1096 2487 stabulum:
1135 2429 1175 2488 ita
1202 2428 1375 2507 iampridem
1409 2430 1536 2492 habuisti
1568 2431 1676 2492 multos

352 2531 467 2590 mallos.
512 2535 540 2588 et
563 2537 647 2605 petes
669 2531 707 2589 ita
730 2547 817 2588 nosse
839 2536 867 2588 te
890 2529 1002 2605 ipsum,
1033 2535 1065 2588 ut
1087 2530 1196 2589 rectius
1218 2538 1303 2606 putes
1324 2549 1339 2589 a
1363 2533 1449 2592 uobis
1471 2539 1500 2593 te
1521 2552 1592 2593 vere
1614 2532 1732 2597 lau-ta.

385 2634 465 2701 clari,
494 2649 582 2710 uriam
611 2630 682 2691 false
710 2649 727 2690 a
755 2631 872 2691 Venetis
899 2631 1065 2707 vituperari.
1111 2631 1218 2710 quihus
1240 2632 1317 2692 enim
1340 2650 1399 2692 non
1422 2635 1628 2712 impetiverunt
1649 2643 1679 2696 te

386 2732 588 2796 contruncliisf
621 2752 709 2812 quam
732 2732 1003 2819 uon¹iguominiam
1025 2732 1078 2791 tihi
1100 2732 1255 2794 obvertere
1278 2736 1373 2794 eonati
1396 2744 1479 2804 sunt,
1503 2738 1611 2815 impuri
1626 2738 1679 2798 lio·

386 2839 493 2905 niirres,
527 2853 645 2913 semper
673 2835 702 2893 in
733 2853 837 2911 regnan
865 2852 900 2893 ac
926 2833 1094 2911 principum
1123 2837 1366 2897 existimationem
1396 2846 1552 2899 coaxantes
1576 2840 1679 2922 traua?

387 2959 441 3000 nec
463 2957 517 2998 suo
541 2940 568 3000 iu
592 2936 792 2997 incommodo:
828 2936 888 2994 iam¹
908 2937 1110 3011 experimento
1133 2938 1281 3014 cognitum
1310 2945 1353 2998 est
1381 2940 1457 2999 enim
1480 2959 1545 3018 quae
1567 2942 1604 3001 sit
1626 2940 1735 3003 lio-§.a

350 3043 499 3103 aoniinum
529 3041 565 3101 tle
594 3039 711 3098 ferietis
742 3039 840 3115 opinio
868 3053 956 3115 quam
985 3056 1037 3097 sua
1065 3039 1117 3096 ista
1148 3038 1203 3098 silvi
1225 3036 1384 3116 petulantia
1406 3024 1599 3119 pepererunt,
1627 3043 1679 3102 im·

388 3161 522 3204 mensum
540 3140 670 3200 uidelicet
692 3140 818 3200 nominis
840 3140 927 3201 liuius
950 3140 1052 3200 orlium
1074 3141 1167 3218 quorl,
1190 3158 1244 3217 per
1266 3158 1384 3200 onlnem
1407 3143 1515 3219 passim
1530 3142 1679 3219 Europam
1715 3200 1719 3207 ‚

388 3245 608 3305 disseminatum
631 3244 688 3301 iam
711 3241 795 3312 olim,
826 3261 905 3302 nuuc
933 3242 1051 3302 taridem
1080 3242 1229 3319 aperiente
1257 3248 1285 3300 te
1315 3242 1473 3302 fenestram
1501 3261 1535 3301 ao
1562 3261 1680 3304 omnem

388 3348 540 3407 confestim
572 3346 787 3405 retractationem
816 3345 1010 3423 abmmpente
1034 3389 1168 3402 .....
1213 3342 1307 3403 Unam
1336 3342 1411 3402 franc
1439 3351 1552 3421 pestem
1581 3350 1609 3403 te
1636 3346 1735 3403 in-ra.

388 3449 506 3525 diguam
529 3449 645 3506 fomuua
668 3445 733 3515 alit,
762 3463 819 3523 qua
842 3447 889 3505 isti
912 3446 1013 3505 corifisi
1036 3442 1195 3505 insolentes
1223 3445 1356 3505 hemines
1384 3444 1455 3505 uirlli
1483 3453 1682 3539 pepercerunt

354 3550 513 3627 aelfegum,
546 3566 562 3607 a
590 3547 671 3607 nullo
700 3554 903 3624 temperarunt
931 3545 1086 3606 dedecore.
1132 3563 1188 3624 qua
1212 3548 1241 3604 iu
1264 3565 1312 3614 re,
1340 3553 1373 3607 ut
1403 3546 1440 3607 de
1468 3546 1531 3606 aliis
1557 3554 1681 3617 taceam,

389 3650 458 3730 quid
492 3669 552 3710 uon
585 3647 677 3708 moliti
710 3657 778 3719 suut
809 3667 868 3727 que
901 3644 930 3707 te
963 3644 1115 3725 obliquum
1155 3646 1295 3707 adversus
1330 3647 1570 3708 contumeliosam
1606 3649 1683 3709 hauc

389 3771 472 3814 suam
503 3752 662 3829 potentiam
693 3750 875 3811 everterent?
907 3767 980 3827 quas
1008 3766 1068 3807 nou
1096 3746 1225 3808 fallacias
1251 3749 1459 3809 intenderunt?
1494 3749 1601 3826 quibus
1622 3768 1681 3810 non

389 3854 504 3914 teclmis
534 3854 809 3914 circumvenerunt?
845 3868 918 3929 quas
950 3868 1009 3910 non
1043 3850 1162 3910 fraudes
1195 3852 1352 3911 commenti
1385 3852 1470 3912 suut?
1511 3851 1613 3929 Nuper
1641 3851 1737 3913 iiiii-⁵.
1814 3924 1820 3931 .

390 3958 505 4016 feroces
527 3956 661 4034 quidem,
691 3955 743 4014 secl
766 3955 832 4013 vieti
855 3952 959 4012 abste
983 3953 1072 4012 armis
1094 3969 1173 4013 nuuc
1194 3971 1311 4030 pacem,
1341 3952 1419 4032 quod
1442 3971 1534 4014 unum
1562 3960 1606 4013 est
1628 3952 1684 4012 illis

355 4076 453 4122 sesiam
475 4058 604 4135 perfidia·
627 4054 753 4136 asylum,
785 4056 862 4134 apud
885 4063 913 4114 te
936 4056 1009 4114 inire
1032 4053 1164 4123 studeut;
1199 4054 1309 4116 scilicet
1330 4073 1388 4133 quo
1404 4056 1603 4132 inopinantem
1618 4060 1685 4134 pest

311 4166 313 4169 ’
392 4159 555 4236 expeditius
577 4159 760 4235 opprimant:
794 4159 852 4218 laec
874 4157 931 4216 iam
952 4163 1015 4216 tum
1040 4157 1196 4216 commenti
1219 4164 1287 4216 sunt
1309 4159 1409 4226 nefas,
1432 4157 1489 4217 hee
1511 4158 1685 4219 invenerunt

392 4260 556 4321 consilium.
601 4258 681 4327 Oaros
703 4258 860 4337 siquamfo,
883 4276 943 4318 uon
966 4257 1032 4317 ilico
1055 4275 1172 4327 omnes,
1195 4255 1307 4336 aliquas
1328 4258 1432 4320 saltem
1447 4258 1513 4319 ilico
1528 4265 1593 4320 tuas
1608 4261 1739 4325 viresco.

392 4363 542 4422 effundere
565 4359 659 4428 voles,
688 4361 725 4419 ita
749 4360 926 4429 contundes,
955 4360 993 4419 ita
1015 4366 1165 4437 proteres,
1194 4367 1227 4420 ut
1248 4361 1310 4437 ipsa
1333 4362 1357 4420 si
1380 4362 1478 4438 cupiat
1499 4360 1599 4430 Salus,
1622 4378 1683 4420 ser-

392 4480 460 4547 rare
482 4481 498 4521 a
522 4471 551 4522 te
573 4462 734 4523 incolumes
757 4479 816 4521 non
839 4463 938 4540 pessit.
984 4459 1059 4530 Quid
1083 4462 1172 4538 igitur
1193 4463 1264 4520 tanti
1287 4469 1331 4522 est
1354 4480 1407 4522 cur
1434 4460 1509 4521 nelis
1537 4463 1566 4521 in
1594 4460 1685 4521 cerri·

392 4650 422 4699 C.
441 4650 465 4699 A
476 4669 511 4693 =
522 4650 611 4701 ludio.
625 4647 754 4712 bibliogr.
769 4663 795 4696 n.
808 4648 868 4697 XX.
883 4648 903 4696 1.
915 4647 946 4700 Ἃ.
1010 4648 1026 4695 2
1038 4665 1073 4690 =
1085 4647 1155 4712 Opp.
1163 4651 1236 4711 poet.
1251 4645 1395 4707 (fnd.bibl.
1404 4644 1492 4708 n⁰.L.)
1506 4646 1562 4723 pf}
1574 4643 1611 4695 8⁸.
1625 4661 1683 4710 sqq.
1726 4667 1729 4673 ·

798 4730 860 4781 3:
871 4733 949 4781 Hntt.
963 4731 1074 4780 Miineh.
1088 4731 1110 4779 1.
1126 4746 1151 4795 p.
1167 4729 1224 4778 115.
1238 4746 1278 4792 sq.

459 4868 830 4933 ⁹1n10002.3.perperam.
884 4866 939 4900 Μ
958 4871 985 4915 te
1000 4872 1043 4915 est
1056 4865 1168 4930 aliquod
1182 4868 1207 4914 3.
1261 4861 1378 4914 flues
1429 4862 1451 4895 ἥ
1469 4861 1684 4914 disseminatum.

392 4953 451 5001 Iam
465 4953 499 5002 A.
552 4951 573 4984 ²³
594 4954 784 5017 abrumpente.
815 4952 940 5002 Umedd.
981 4952 1091 5001 Videtur
1108 4952 1237 5000 excidisse
1256 4950 1364 5013 aliquid,
1388 4966 1410 4998 v.
1425 4966 1447 4998 c.
1463 4949 1491 4998 in
1509 4950 1606 4998 miram
1624 4965 1695 5015 spe·-

393 5038 464 5087 eiem
484 5038 617 5088 excrevit.
656 5039 790 5101 Complura
807 5035 841 5084 de
860 5035 923 5084 odio
935 5035 1103 5084 Venetorum
1121 5042 1179 5084 suat
1197 5037 1377 5098 epiprammeta
1395 5049 1448 5082 cum
1465 5033 1513 5081 itae
1527 5034 1686 5097 praefatione

393 5124 429 5170 ad
446 5124 624 5186 imperatorem
642 5127 726 5170 inissa.
781 5118 803 5151 ²⁵
822 5126 850 5169 et
869 5134 885 5167 a
899 5122 923 5168 2.
934 5122 959 5168 3.
1012 5118 1034 5150 ²⁷
1053 5118 1231 5169 intenderant
1245 5119 1270 5166 3.
